2454 3976
96 209 139 273 26
540 205 673 261 HYGINI

95 375 163 454 tur,
195 371 312 455 quibus
340 370 489 435 cohortes
517 368 709 454 praetoriae.
756 365 859 450 Super
885 389 965 452 quos
997 368 1116 437 cohors

95 460 242 544 peditatu
260 459 472 544 quingenario
490 459 542 524 vel
561 459 716 542 equitata,
734 460 832 539 prout
848 456 970 542 strigae
989 459 1117 544 magni-

96 548 175 613 tudo
207 547 321 632 fuerit,
351 549 430 632 poni
460 547 601 615 debebit.
659 545 705 611 Et
731 567 791 629 per
816 545 958 630 reliquas
992 547 1117 632 strigas

97 636 246 702 cohortes
273 637 437 721 perlitatae
466 636 519 703 vel
546 635 710 720 equitatae
738 633 778 697 ad
805 633 893 699 viam
921 633 1117 717 quintanam

70 727 245 809 5speetare
268 725 442 810 debebunt,
473 726 530 791 ubi
557 728 591 789 et
614 722 888 808 supernumerarii
914 724 947 786 et
969 723 1117 808 reliquae

3 835 85 900 lara,
98 815 247 879 nationes
268 817 274 895 Ι
292 814 424 879 tendere
448 814 625 896 debebunt3
648 816 682 878 et
704 812 752 876 ita
769 811 838 896 fiet,
860 813 898 875 ut
916 812 1005 876 omni
1022 817 1117 895 parte

97 903 245 968 nationes
269 902 530 987 suprascriptae
554 901 790 968 contineantur.

187 992 240 1058 20.
262 989 345 1056 Viae
360 991 544 1075 augulariae
557 989 651 1055 XXX
663 989 761 1073 pedes
781 987 958 1072 sufficient3
982 988 1010 1053 si
1026 990 1118 1078 quin-

99 1101 160 1163 que
188 1079 335 1164 legiones
366 1079 503 1164 fuerint,
537 1078 595 1142 XL
623 1079 721 1162 pedes
753 1077 935 1143 latitudinis
968 1078 1117 1162 accipere

58 1185 85 1225 10
99 1167 237 1234 debebit.
290 1166 427 1234 Scholae
457 1167 641 1234 cohortium
672 1165 856 1250 principiis,
892 1165 949 1248 ubi
981 1187 1118 1232 munera

98 1256 267 1340 legionum
291 1257 451 1342 dicuntur,
473 1257 509 1322 in
533 1277 665 1323 scamno
685 1255 869 1341 legatorum
888 1256 1003 1319 contra
1026 1256 1117 1339 aqui·

99 1344 166 1408 lam
190 1344 259 1409 dari
283 1345 411 1409 debent.

189 1433 241 1498 21.
275 1429 406 1516 Castra,
438 1434 472 1497 in
503 1435 660 1517 quantum
690 1431 762 1495 fieri
793 1432 951 1515 potuerit,
982 1432 1119 1498 tertiata

100 1541 171 1584 esse
196 1521 368 1604 debebunt,
390 1524 428 1585 ut
447 1522 546 1586 -flatus
570 1542 667 1585 aurae
692 1523 801 1585 aestus
825 1520 984 1586 exercitus
1006 1521 1119 1586 leniat.

60 1626 86 1667 15
100 1608 172 1674 Hoc
191 1609 256 1674 dixi
274 1611 421 1693 tertiata,
440 1613 558 1694 utputa
577 1609 708 1694 longum
734 1607 831 1692 pedes
855 1605 1117 1693 0100100000,

99 1698 204 1763 latum
227 1699 325 1783 pedes
348 1696 485 1768 OIODO.
527 1696 562 1762 Si
585 1697 736 1783 longiora
758 1697 888 1780 fuerint,
911 1697 1049 1762 classica
1071 1698 1117 1763 di·

5 1806 88 1872 13131,
102 1790 214 1851 centur
236 1809 296 1853 nee
315 1788 466 1855 bucinum
484 1789 520 1852 in
537 1787 680 1852 tumultu
698 1787 740 1851 ad
759 1789 890 1870 portam
908 1782 1120 1872 decilmanam

99 1873 196 1939 facile
227 1877 371 1959 potuerit
403 1877 560 1959 exaudiri3
598 1876 626 1939 si
652 1875 772 1940 latiora
803 1874 938 1959 fuerint,
970 1876 1119 1958 proxime

102 1963 343 2046 quadraturam·
356 1985 493 2048 sequens
516 1966 567 2029 est
589 1963 733 2028 dictatio.

62 2071 88 2113 20
191 2052 244 2118 22.
277 2051 441 2128 Quantum
459 2053 578 2118 attinet
595 2052 635 2116 ad
655 2074 707 2136 ea,
730 2074 813 2136 quae
833 2054 910 2116 sunt
927 2053 1119 2133 necessaria,

102 2140 181 2205 satis
203 2144 284 2224 puto
309 2141 483 2228 diligenter
512 2140 698 2224 retulimus,
730 2146 776 2224 et,
808 2141 836 2204 si
864 2162 946 2224 quae
973 2141 1118 2206 rationes

101 2228 208 2294 adhuc
234 2229 371 2313 fuerint,
402 2231 617 2313 necessariae,
649 2251 707 2294 suo
734 2228 872 2293 referam
895 2229 978 2294 loco.
1022 2228 1119 2295 Prae-

101 2319 193 2380 terea
216 2317 432 2382 munitionem
451 2322 632 2384 castrorum
657 2319 691 2381 et
708 2316 771 2380 soli
790 2316 983 2382 electionem
1000 2317 1035 2382 in
1054 2322 1120 2384 sta·

102 2404 223 2469 tuenda
245 2406 422 2471 metatione
445 2408 479 2470 et
497 2409 602 2471 artem
619 2404 810 2489 iniquitates
829 2404 975 2470 locorum
992 2405 1120 2472 vitandi

103 2636 119 2684 2
133 2628 279 2699 aequitata
332 2630 419 2702 strige
474 2639 492 2688 4
507 2632 617 2686 cohorti
630 2631 758 2702 peditate
772 2630 818 2684 vel
832 2630 975 2700 aequitate
989 2632 1121 2689 σωθῶ

103 2703 166 2756 tut
184 2704 440 2771 supersumactares
511 2702 614 2773 reliqui
687 2705 745 2758 ret
763 2701 968 2772 suprascribtas
987 2703 1121 2760 eorr.Seb

103 2777 205 2841 8quac
224 2773 386 2843 angulanae
405 2791 474 2830 corr.
489 2773 543 2831 sca
615 2773 737 2828 sufficiet
800 2773 830 2865 si
843 2773 937 2830 omri
992 2772 1120 2887 tlapeitp:

103 2896 183 2950 dines
203 2929 237 2938 -
256 2897 400 2953 debebunt
417 2914 486 2955 corr.
506 2897 559 2954 aaa
632 2904 665 2955 10
686 2896 811 2952 cohortis
833 2896 932 2966 primis
1004 2857 1121 2953 mundio

102 2979 243 3077 diduntur.
316 3028 349 3077 11
366 3021 507 3078 iniscanni
524 3040 580 3076 um.
599 3037 668 3079 corr.
679 3021 733 3077 Set
801 3027 834 3076 12
850 3021 934 3075 debet
952 3021 1085 3078 corr.Set

104 3133 139 3182 14
153 3128 298 3182 auraestus
313 3128 420 3185 coruli
490 3127 598 3182 laeniat
670 3133 703 3182 15
717 3106 754 3182 hi:
773 3126 832 3181 dixi
850 3125 936 3181 tertia
1002 3115 1120 3183 HGGCO

140 3206 173 3254 16
193 3196 284 3256 oenc
341 3198 428 3253 fuerit
490 3205 522 3254 11
541 3216 577 3253 ne
595 3197 728 3252 bucinum
746 3215 815 3254 corr.
823 3198 858 3252 L.
931 3197 1084 3252 tumultum

104 3269 308 3324 decimamdam
381 3275 414 3324 18
432 3268 519 3324 latior
589 3268 734 3339 proximae
754 3269 940 3338 quadraturae
959 3285 1028 3326 corr.
1043 3268 1071 3322 L

104 3346 136 3394 21
156 3340 316 3397 rettulimus
388 3357 442 3410 que
459 3340 583 3395 rationes
602 3340 687 3394 athuc
759 3346 793 3396 23
807 3339 960 3394 lectionem
977 3356 1045 3396 corr.
1056 3339 1120 3408 Scir,

103 3412 214 3468 addidit
236 3412 267 3466 in
352 3418 387 3467 24
406 3409 712 3467 statuendaetationem
734 3427 803 3471 cerr.
823 3411 877 3468 Seu
957 3410 1027 3465 item
1050 3426 1119 3467 corr.

104 3480 157 3536 sve
228 3483 293 3536 loco
311 3482 433 3537 vitiandi
453 3499 521 3539 eorr.
541 3482 594 3538 See
