2454 3976
146 192 190 266 24
583 193 716 250 uranu

148 356 378 439 miseriorem,
411 360 494 439 quae
522 377 543 420 a
568 356 737 440 principiis
769 378 888 422 nomen
919 357 1061 443 obiinei,
1090 380 1166 426 csse

51 461 137 531 1291),
150 444 246 510 debet
272 444 443 508 latitudine
472 440 606 531 saidam,
638 466 704 530 qua
725 466 805 530 opus
831 445 951 530 pedum
973 444 1045 531 LX,
1077 449 1167 532 quod

146 537 199 598 esi
217 533 306 598 inter
327 533 453 598 vallum
473 535 510 598 ei
531 533 679 618 legiones
702 536 736 598 ei
757 533 830 598 ideo
849 534 1042 618 quibusdam
1064 536 1166 602 inier-

148 622 270 687 vallum
297 627 348 687 esi
371 621 643 706 cognominatum.
688 621 771 687 Item
798 619 866 707 via',
897 645 980 708 quaa
1008 623 1097 690 ducit
1124 625 1167 690 ad

121 714 277 794 ⁵poriam
298 711 499 795 praetoriam
516 745 554 757 -
571 733 591 775 a
608 711 774 794 praetorio
798 710 867 776 sine
887 711 985 777 dubio
1005 713 1057 777 via
1074 735 1167 798 prae·

147 801 235 865 toria
257 798 385 864 duciinr
407 834 450 845 —
472 799 645 864 latiiudinc
672 802 710 864 ui
730 821 832 884 snpra
852 799 972 884 pedum
992 799 1065 880 LX,
1091 824 1167 886 pro-

148 891 221 972 pter
245 909 342 970 quam
364 888 473 971 rigore
495 890 646 952 censuras
675 909 753 954 suae
776 889 960 972 superiores
983 890 1107 976 strigae
1131 892 1167 956 in

146 976 304 1060 praetorii
328 998 386 1040 ora
407 997 474 1042 non
496 980 701 1061 percurrunt,
724 977 879 1061 quoniam
903 978 944 1042 ad
966 979 1054 1043 viam
1071 1000 1167 1063 prae-

145 1063 267 1129 ioriam
291 1065 386 1148 signa
409 1068 554 1149 spectare
577 1065 751 1131 debebunt.

109 1171 135 1211 ιο
239 1151 289 1219 15.
312 1152 471 1219 Dabimus
493 1154 604 1238 itaque
627 1154 715 1219 inira
736 1153 824 1218 viam
841 1154 1058 1238 principalem
1078 1155 1166 1241 legs·

147 1240 192 1304 tis
210 1241 415 1324 pedaturam,
438 1241 525 1325 quod
543 1263 710 1306 scamnum
724 1245 775 1307 esi
787 1243 987 1326 appellatum
999 1263 1059 1307 nec
1078 1264 1166 1308 oom-

148 1329 256 1392 munis
279 1330 456 1414 sirigarum
478 1330 688 1394 diotaiionem
706 1330 895 1396 meiaiionis
914 1330 1014 1395 habet
1031 1335 1167 1415 propter

51 1432 134 1504 130e,
148 1416 315 1502 legionum
335 1416 340 1500 Ι
359 1438 528 1482 numerum
546 1417 717 1496 incertum,
740 1419 827 1502 quod
846 1439 974 1501 semper
991 1419 1167 1485 latiiudine

150 1528 170 1571 a
192 1506 328 1589 pedibus
351 1504 378 1571 L
402 1504 443 1571 ad
465 1504 585 1570 LXXX
613 1506 780 1572 observari
808 1507 953 1590 debebit,
985 1511 1084 1591 prout
1107 1530 1167 1574 nu·

109 1613 257 1660 imerus
285 1595 451 1679 legionum
480 1594 629 1660 effecerit.
673 1594 713 1660 In
741 1617 804 1679 quo
832 1595 958 1661 tribuni
981 1596 1167 1662 cohortium

147 1683 385 1767 praetoriarum
407 1684 538 1749 tendere
561 1683 681 1750 soloni.
719 1681 878 1749 Similiter
899 1685 1040 1751 tribunis
1064 1685 1167 1770 legio-

148 1793 227 1837 num
254 1772 389 1838 inferius
418 1773 583 1858 adsignari
610 1772 719 1856 debui,
751 1773 839 1858 quod
868 1794 972 1857 aeque
997 1795 1166 1838 scamnum

150 1858 283 1943 diuitum
307 1883 326 1926 a
349 1883 412 1945 quo
436 1861 489 1925 vie
512 1862 708 1945 interposite
731 1862 802 1927 alae
824 1861 984 1926 milieriae
1002 1862 1054 1926 vel
1072 1862 1166 1946 quin-

87 1987 90 1995 ·
149 1948 300 2032 generice
325 1952 358 2014 et
380 1948 544 2032 deinceps,
570 1953 668 2031 prout
696 1950 832 2034 quisquc
858 1949 991 2016 iendere
1018 1950 1166 2033 debebii3

108 2055 135 2097 ac
149 2038 184 2100 in
206 2034 313 2104 forma
335 2037 542 2103 subiecimus.

240 2126 291 2191 16.
323 2124 432 2210 Nunc,
459 2131 497 2193 ut
520 2149 580 2192 sno
602 2126 742 2192 referam
765 2127 851 2210 loco,
879 2126 920 2191 ad
948 2127 1037 2192 alam
1060 2127 1168 2192 milia·

147 2213 240 2280 riam.
274 2214 413 2280 Turmas
431 2215 532 2281 habai
545 2214 689 2299 XXIIII,
711 2216 747 2281 in
770 2216 817 2280 eis
840 2215 1038 2300 decuriones,
1062 2214 1168 2299 dupli·

150 2302 243 2386 cerii,
267 2303 517 2385 sesquiplicarii:
546 2302 645 2388 idem,
674 2303 729 2387 qui
753 2306 786 2366 ei
808 2324 962 2369 numerus
984 2307 1166 2370 turmarum

53 2387 1168 2565 1111111111111111111111111111111111

150 2693 164 2742 1
179 2685 321 2757 principes
340 2686 475 2744 corrues
545 2688 608 2759 opti
626 2688 733 2744 comi
793 2688 993 2745 ralatitudine
1013 2689 1132 2744 eandem

148 2758 247 2813 ebalu
300 2757 482 2812 interballum
501 2760 545 2814 est
563 2758 777 2828 cognominatus
832 2760 911 2816 dria
964 2760 1167 2830 opraeiuriam

183 2829 214 2884 in
231 2828 374 2899 praetorio
393 2845 461 2886 corr.
472 2828 527 2885 Scis
589 2837 606 2885 6
620 2829 771 2886 nciudine
835 2831 943 2900 7quod
959 2831 1083 2902 rigorem
1102 2847 1167 2888 cen-

149 2916 212 2955 sure
231 2917 299 2957 corr.
319 2901 472 2972 Ruperaius
489 2906 515 2956 et
533 2900 587 2957 Sch
668 2900 819 2971 superioris
838 2902 934 2973 strigis
952 2919 1021 2958 corr.
1041 2901 1095 2961 Seu

149 2975 166 3026 8
183 2971 371 3039 praetoriiura
388 2989 456 3029 corr.
468 2972 524 3028 Sole
587 2977 621 3026 12
638 2970 840 3027 indicationem
857 2973 1046 3029 mociaiiones
1063 2973 1168 3030 hebere

148 3057 217 3097 corr.
228 3040 283 3096 Scis
336 3048 369 3097 13
404 3043 500 3112 ropter
513 3045 561 3114 Π
580 3042 712 3098 enasci
766 3043 843 3111 quod
859 3061 916 3099 non
934 3060 1045 3114 semper
1058 3045 1167 3102 corrJa

186 3111 339 3167 1412,th
412 3130 481 3169 corr.
496 3113 649 3169 Scriveriuc
666 3115 699 3168 in
712 3130 773 3169 reor
791 3115 873 3170 iered
929 3120 962 3169 15
976 3114 1132 3170 lectionum

149 3183 264 3239 tribuno
329 3189 365 3239 16
376 3183 484 3239 iribuni
501 3183 646 3253 legionum
701 3191 735 3240 18
781 3184 980 3240 'emiliariae
1035 3185 1167 3256 generice

149 3255 312 3311 reconderis
386 3260 419 3309 19
434 3255 496 3323 quis
515 3254 631 3309 tendere
696 3260 730 3309 21
745 3254 832 3309 eliam
903 3263 937 3311 22
952 3259 1058 3311 tormas
1113 3256 1168 3311 eis-

150 3324 214 3378 dem
233 3325 360 3380 ouriones
424 3333 458 3381 23
473 3324 623 3396 sexplicari
641 3340 710 3381 corr.
721 3325 805 3382 Solm.
877 3329 1032 3382 mearum
1051 3327 1169 3382 stabunt

37 3435 42 3444 .
150 3396 258 3451 ουτω
330 3404 365 3452 24
383 3397 501 3466 siquos
555 3395 695 3467 duplicari
714 3397 744 3451 ei
762 3397 978 3469 sesquinplicari
996 3397 1077 3454 vinos
1096 3415 1167 3456 corr.

150 3465 234 3521 Socim.
307 3473 341 3522 25
360 3484 513 3537 aequorum
