2454 3976
211 269 322 324 LIBER
338 267 388 324 DE
406 267 676 323 MUNITIONIBUS
695 265 924 322 CASTRORUM.
1032 266 1076 333 33

56 434 234 499 incurrent.
277 430 347 496 Neo
369 430 443 515 plus
467 451 506 495 ex
529 432 576 496 eis
599 429 714 495 deduoi
736 429 846 512 debet,
870 450 966 513 quam
988 430 1076 517 pedi-

55 524 148 586 tatae
171 519 405 607 quingenariae
428 540 524 604 super
547 518 696 584 cohortes
727 517 865 602 primas,
887 519 934 602 et,
957 518 987 582 si
1009 540 1076 583 am·

56 610 145 694 plius
169 611 356 693 supersunt,
378 611 417 672 ut
438 628 498 672 neo
520 607 660 693 strigam
678 606 838 690 expleant,
860 626 991 670 neeesse
1015 607 1078 671 erit

57 718 118 782 per
140 696 284 781 reliquas
303 696 434 781 strigas,
456 698 493 762 ut
512 695 587 781 dixi,
610 695 713 760 artius
732 694 876 760 tendant.
911 691 1077 781 Similiter,

56 789 95 850 ut
117 784 224 850 laxius
247 783 391 867 tendant,
413 783 563 867 efficitur,
581 783 732 868 quotiens
755 782 901 866 reliquus
922 797 1102 849 numerus⁵

57 872 220 957 convenit,
243 875 248 951 Ι
273 894 314 937 ne
336 872 438 938 totius
461 872 650 937 metationis
674 871 753 936 ordo
776 870 941 956 turbetur3
971 876 1005 937 et
1027 893 1074 937 re·
1086 885 1173 956 1341),

56 965 209 1027 tenturae
240 980 299 1043 per
326 960 444 1045 strigas
473 960 601 1044 aequali
632 980 767 1025 numero
795 959 901 1024 laxius
928 961 1077 1046 tendunt,

56 1052 243 1114 retenturae
265 1069 402 1115 numero
425 1051 626 1133 computato,
652 1053 690 1114 ut
712 1048 748 1113 in
769 1049 981 1131 praetentura
1004 1070 1076 1115 oon-

56 1137 193 1203 veniret.
242 1136 296 1201 41.
319 1135 444 1213 Quodsi
466 1137 571 1203 adhue
593 1137 735 1220 amplius
765 1157 823 1201 seu
846 1137 954 1202 minus
978 1158 1076 1220 quam

57 1223 261 1290 ostendimus
285 1225 512 1309 supplementa
539 1224 617 1290 data
643 1225 795 1308 finissent,
827 1226 940 1290 omnia
962 1225 1117 1290 immo-1⁰

56 1316 208 1379 terantur
231 1318 264 1379 et
286 1313 437 1379 cohortes
461 1315 547 1379 eirea
568 1314 691 1379 vallum
715 1313 811 1380 aliter
832 1313 1012 1379 tenderent.

147 1401 202 1468 42.
233 1399 328 1467 Nune
349 1405 534 1468 retenturee
557 1402 695 1467 diximus
718 1401 822 1486 partis
846 1401 1000 1468 dimidiae
1022 1426 1078 1467 nu-

57 1511 185 1555 merum
202 1488 252 1555 VI
270 1489 362 1555 milia
380 1487 564 1556 DOOGXX.
601 1489 762 1566 Quoniam
786 1493 837 1554 est
859 1490 1001 1556 latitudo
1019 1489 1077 1557 Do

58 1578 188 1663 pedum,
210 1577 313 1662 video,
337 1583 417 1662 quot
440 1578 638 1664 semistrigia
661 1599 732 1643 esse
755 1578 895 1661 possint3
922 1584 960 1644 ut
982 1601 1078 1664 nuno,

43 1668 154 1735 ¹erunt
175 1665 286 1732 deoem
310 1670 343 1731 et
365 1671 505 1753 septem,
535 1671 569 1732 st
591 1666 777 1751 quaestorio
806 1666 965 1749 pedatura
988 1667 1117 1732 sust-1⁵

59 1756 149 1820 oiens
171 1753 241 1818 dari
263 1755 379 1839 possit.
399 1759 404 1834 Ι
425 1753 524 1821 Sumo
547 1756 658 1840 itaque
680 1755 806 1819 numeri
823 1759 953 1838 partem
972 1754 1076 1842 XVII,
1088 1775 1171 1842 135a,

58 1846 140 1928 quot
157 1843 356 1928 semietrigia
375 1865 445 1908 esse
465 1843 616 1928 diximus,
635 1842 673 1908 fit
692 1839 814 1909 0000:
838 1844 901 1909 erit
923 1866 1077 1911 numerus

56 1930 210 1997 militnm.
259 1931 404 1997 Tendere
427 1932 592 1997 debebunt
619 1954 678 2015 per
705 1930 940 2018 semistrigium
967 1956 1077 2018 unum,

57 2019 187 2085 adieota
204 2019 320 2103 quinta
337 2020 455 2104 pedum
469 2019 603 2085 LXXX:
625 2020 709 2084 fiunt
724 2019 823 2103 pedes
839 2017 1076 2105 OOOOLXXX,

57 2108 143 2173 unde
166 2106 314 2192 efficitur,
336 2111 374 2172 ut
396 2108 478 2174 duae
501 2108 650 2175 cohortes
673 2108 776 2173 latere
798 2111 984 2175 retenturae
1006 2112 1076 2175 ten·
1091 2125 1118 2166 20

57 2195 147 2261 dant.
190 2195 244 2260 43.
268 2194 572 2281 Supernumerarios
601 2201 635 2262 et
662 2197 803 2281 reliquas
826 2197 977 2264 nationes
1001 2220 1078 2283 quo-

56 2285 144 2350 tiens
165 2305 225 2368 per
248 2285 369 2370 strigas
393 2284 633 2371 distribuimus,
655 2306 722 2350 non
744 2285 818 2369 plus
841 2308 939 2370 quam
962 2288 1078 2373 triper-

41 2372 114 2437 -titi
138 2393 209 2438 esse
231 2372 397 2439 debebunt
424 2395 484 2439 neo
510 2374 608 2459 longe
631 2374 883 2459 abalterutrum,
906 2379 956 2460 ut,
978 2398 1078 2442 unam

56 2464 215 2527 tesseram
239 2482 298 2528 suo
321 2463 479 2529 vocabulo
503 2462 668 2528 citationis
697 2462 839 2527 audiant.
886 2461 1078 2530 Observabi-

54 2571 130 2615 mus
153 2550 279 2634 primae
303 2552 426 2637 strigae
454 2551 558 2637 signis
585 2551 673 2617 idem
702 2551 882 2636 adsignari,
913 2553 999 2636 quod
1027 2575 1078 2620 oo·
1092 2566 1118 2608 2⁵

54 2638 147 2703 horti
168 2638 303 2726 primae,
324 2645 361 2706 nt
383 2641 455 2706 viae
476 2640 652 2705 vicinariae
672 2642 677 2718 Ι
697 2642 895 2724 pereurrant.
1080 2660 1164 2728 1350,

57 2793 218 2864 2peditate
278 2795 450 2851 econvertit
466 2811 519 2850 neo
537 2795 670 2852 cormaiot
743 2795 930 2849 'Iretenturas
944 2795 1078 2852 soradoh

94 2871 112 2920 8
125 2872 243 2922 numera
257 2868 442 2937 conputatum
495 2865 704 2922 econvenirent
755 2870 788 2919 10
799 2863 1047 2934 supplimentanda

129 2949 144 2980 Ι

57 2989 136 3045 omni
152 2989 365 3045 inmutabuntur
437 2989 590 3045 llballum
661 2987 776 3042 tendere
850 2993 883 3043 12
897 2990 1041 3046 retentare

58 3067 92 3116 13
106 3077 162 3130 pro
179 3060 219 3116 VI
236 3060 317 3115 milia
334 3059 480 3115 Doocxx
497 3067 536 3116 eet
553 3063 586 3116 ie
603 3060 632 3116 A
650 3058 698 3113 Do
721 3057 890 3115 Doccoxx
907 3061 1041 3116 oorr.Sot

55 3130 245 3199 latitudoDG,
264 3149 314 3187 ora.
324 3131 429 3201 pedum
485 3137 519 3187 14
533 3130 609 3201 qnod
627 3128 802 3200 aemistrigia
857 3135 889 3185 15
905 3130 960 3184 erit
978 3131 1077 3185 decem

57 3202 163 3274 septies
195 3202 319 3260 cerodae
392 3209 424 3257 16
439 3201 561 3257 sufficies
580 3201 646 3256 dare
669 3203 767 3272 posset
785 3200 918 3258 correct
995 3208 1076 3256 suino

92 3274 205 3356 partem
221 3273 288 3328 XVI
306 3273 438 3330 ceresiolo
510 3279 544 3328 11
558 3273 635 3342 quod
648 3270 823 3342 aemistrigia
875 3275 908 3325 18
922 3287 973 3339 per
991 3271 1077 3327 aemi-

58 3343 189 3415 stngium
245 3349 278 3398 19
293 3343 420 3413 quintam
475 3342 617 3400 CCCCXX
635 3343 768 3400 correct
821 3346 856 3396 20
871 3343 904 3394 ut
922 3347 986 3398 oute
1004 3342 1077 3398 duae

57 3416 157 3484 omni,
176 3415 340 3472 odtedtdet
389 3421 423 3470 21
438 3431 553 3527 spmma
565 3432 588 3471 o.
598 3413 685 3470 terias
740 3419 773 3468 23
786 3428 823 3466 ne
841 3413 927 3526 lonpee
981 3413 1077 3469 vinam

56 3541 167 3596 tessera
179 3538 315 3596 cerarios
350 3498 517 3611 atpadeant
551 3536 697 3595 atoohors
711 3535 819 3607 primae
869 3536 899 3590 vi
917 3536 1056 3594 vicenaris

887 3625 926 3680 Q*
