2454 3976
254 209 365 265 LIBER
382 209 431 264 DE
451 204 720 264 MUNITIONIBUS
738 205 970 264 CASTRORUM
1077 206 1123 272 25

101 374 210 455 mille,
242 372 388 439 deductis
412 372 564 456 singulis,
595 371 652 456 qui
673 371 709 437 in
735 391 906 435 numerum
930 373 1121 454 computan-

97 467 169 548 tur,
192 458 309 527 xcvi.
354 459 420 524 Ala
442 459 656 545 quingenaria
675 463 803 524 turma
824 458 926 524 habet
947 455 1040 542 XVI,
1065 458 1122 524 de·

99 551 252 620 curiones
277 552 311 615 et
331 549 458 633 reliqui,
479 552 577 632 prout
595 569 749 613 numerus
768 551 959 632 turmarum,
981 548 1121 631 amplius
1222 601 1224 604 .

103 659 204 724 equos
233 638 326 704 alunt
352 640 390 701 ut
418 655 516 720 supra
547 635 681 701 LXlIll.
735 635 781 702 Et
813 636 885 700 ideo
917 636 952 703 in
983 636 1122 723 singulis

104 726 268 813 equitibus
301 723 386 790 terni
418 726 516 808 pedes
550 727 794 808 computantur,
829 723 914 788 nihil
944 723 1148 790 deducitur.⁵

100 817 142 882 In
169 837 207 880 eo
240 814 322 898 pede
355 812 537 896 praefectus
571 813 644 878 alae
674 813 868 896 pedaturam
899 812 1052 897 accipiat,
1090 816 1123 877 et

102 903 300 990 principales
324 923 435 966 eorum
459 902 569 985 aliquo
587 901 692 966 laxius
716 901 867 987 tendant-3
895 901 1038 986 alioquin
1061 901 1123 966 sin·

101 993 174 1079 guli
196 991 293 1057 binos
316 990 414 1074 pedes
436 992 471 1054 et
493 990 644 1055 semisses
667 991 859 1074 reciperent.

196 1081 247 1145 17.
280 1077 445 1155 Quantum
467 1081 576 1143 autem
599 1078 640 1142 ad
662 1081 863 1144 retenturam
885 1078 1037 1163 pertinet,
1060 1080 1123 1159 via,

104 1190 188 1255 quae
211 1171 381 1252 estsuper
403 1167 578 1250 praetorio,
603 1187 662 1250 per
685 1168 774 1231 ouius
797 1166 940 1252 rigorem
961 1166 966 1250 Ι
985 1170 1216 1250 utraque130b,

104 1260 208 1343 parte,
231 1277 305 1322 eum
327 1256 434 1320 maior
456 1255 616 1320 exereitus
635 1258 693 1339 est,
715 1255 779 1320 hoc
797 1258 847 1320 est
866 1255 1007 1340 quinque
1020 1255 1122 1339 legio-
1136 1287 1163 1326 11

102 1368 161 1411 nes
181 1348 215 1410 et
233 1366 339 1427 supra,
362 1343 513 1410 cohortes
531 1343 731 1429 legionariae
749 1343 820 1407 dari
843 1343 959 1428 solent,
977 1343 1125 1428 accipere

103 1433 202 1498 debat
223 1432 432 1498 latitudinem
453 1432 572 1514 pedum
594 1431 666 1515 XL,
689 1433 718 1498 si
740 1435 854 1516 portae
873 1432 922 1498 ibi
940 1432 1036 1498 datae
1054 1432 1122 1497 fue-

102 1522 185 1607 rint,
216 1521 364 1606 Lpedes
389 1520 538 1604 accipiet,
570 1524 603 1585 et
630 1521 880 1605 cognominatur
908 1521 1007 1586 etiam
1031 1521 1122 1604 quin-

101 1615 185 1677 tana
206 1631 304 1675 oausa
327 1609 503 1693 copiarum.
1136 1622 1161 1664 15

197 1699 247 1764 18.
279 1697 510 1774 Quaestorium
528 1696 655 1780 dicitur,
678 1696 764 1781 quod
782 1695 956 1780 aliquando
975 1700 1123 1780 quaesto-

103 1786 235 1852 nasibi
265 1786 456 1870 pedaturam
484 1786 682 1873 acceperint3
715 1785 801 1870 quod
828 1788 879 1849 est
906 1807 1005 1869 supra
1031 1806 1123 1868 prae·
1178 1785 1183 1800 '

104 1875 229 1942 terium
249 1875 286 1938 in
308 1875 418 1959 rigore
440 1877 569 1958 portae,
602 1895 686 1963 quae
708 1872 897 1940 cohortibus
921 1873 1054 1939 decimis
1077 1874 1124 1939 ibi

102 1963 311 2030 tendentibus
335 1963 503 2028 deoimana
525 1966 577 2027 est
598 1963 771 2047 appellata.
811 1962 1041 2039 Quaestorium
1065 1963 1124 2027 mi·

103 2072 184 2118 nore
203 2073 275 2116 esse
293 2051 389 2116 debet
407 2051 588 2134 latitudine,
607 2072 704 2140 quam
722 2052 933 2136 praetorium,
946 2055 985 2115 ut
1003 2051 1124 2135 strigae
1138 2065 1165 2105 2⁰

105 2143 270 2206 staterum
302 2140 466 2223 posticum
496 2139 651 2223 praetorii
678 2139 846 2223 proximae
873 2139 947 2202 sint.
992 2138 1032 2204 In
1060 2150 1125 2223 quo

104 2227 247 2294 maxime
267 2231 272 2308 Ι
292 2228 394 2312 legati
411 2228 556 2293 hostium
580 2231 613 2293 et
631 2227 772 2311 obsidem
796 2230 842 2311 et,
866 2227 894 2291 si
918 2248 982 2311 qua
1004 2227 1221 2313 praeda130b,

103 2317 194 2383 facta
214 2317 323 2400 fuerit,
345 2318 379 2383 in
402 2317 587 2401 quaestorio
610 2317 751 2401 ponitur.

198 2406 248 2470 19.
279 2404 451 2470 Lateribus
483 2404 626 2471 eiusdem
657 2404 791 2470 tendere
823 2405 942 2470 debent
973 2404 1126 2469 adriam

104 2494 298 2578 quintanam
326 2495 489 2559 centuriae
512 2496 686 2578 staterum,
718 2498 755 2557 ut
781 2494 943 2576 posticum
969 2492 1164 2577 praetoriis

104 2585 262 2652 tueantur
289 2585 323 2647 et
345 2582 485 2670 proximi
514 2583 582 2648 sint
608 2583 815 2668 imperatori3
847 2582 963 2666 quibus
991 2581 1125 2666 duplam

103 2670 298 2754 pedaturam
320 2671 579 2756 adsignabimus,
607 2670 694 2754 quod
716 2670 838 2736 eisdem
861 2671 1011 2737 tentoriis
1033 2672 1125 2737 utan-

106 2815 164 2864 2a.
176 2807 198 2864 l.
217 2808 255 2862 ad
272 2826 340 2866 corr.
351 2809 405 2864 Sola
460 2815 476 2863 3
490 2806 599 2877 reliqua
616 2811 702 2878 prout
719 2825 866 2872 numerum
937 2815 955 2861 4
969 2823 1039 2877 quos
1057 2809 1090 2860 ut

105 2879 278 2948 eaequitib.
332 2879 411 2936 mille
429 2878 560 2937 deficitur
578 2879 712 2941 accedat
778 2878 897 2935 8vinos
914 2879 1009 2947 pedes.
1065 2879 1126 2932 tet

104 2949 256 3020 repentina
273 2950 407 3006 cerasa
461 2949 560 3006 triae
579 2952 679 3019 quaest
752 2957 785 3005 10
803 2949 946 3018 praetoria
1014 2953 1047 3002 12
1061 2964 1126 3018 pcr-

104 3022 319 3089 tameaquartae
392 3027 425 3076 13
444 3021 549 3074 debent
567 3037 636 3076 corr.
656 3021 709 3077 sas
786 3025 821 3074 14
840 3019 1056 3101 cognominator

107 3098 142 3146 15
161 3091 326 3160 quintanam
345 3107 458 3149 causam
514 3099 547 3148 16
567 3094 746 3160 quaestorum
811 3096 843 3145 18
862 3107 976 3161 ugerae
1035 3105 1091 3159 qua

104 3169 142 3218 20
159 3163 253 3220 minor
271 3194 305 3203 -
324 3161 507 3219 latitudinem
525 3179 593 3220 corr.
607 3163 634 3219 L
706 3169 740 3218 21
761 3161 826 3215 stad
842 3161 996 3232 posticium
1015 3175 1084 3217 corr.
1099 3158 1126 3212 L

141 3233 265 3304 proximi
282 3249 350 3290 corr.
361 3233 415 3293 sca
469 3239 503 3289 23
523 3232 688 3304 quaestione
707 3232 866 3293 causato
884 3234 916 3286 io
928 3228 1092 3304 morpioed

108 3344 144 3398 24
161 3303 287 3411 {endere
357 3338 442 3394 debet
459 3339 593 3396 corasict
664 3346 699 3394 25
717 3338 870 3419 postieium
883 3335 1129 3418 praetoriveantur

107 3417 179 3541 marc
197 3410 389 3538 {ipptraetores
413 3426 481 3469 corr.
502 3411 556 3467 sa
645 3417 680 3465 2⁷
703 3409 915 3501 adsignemus
1005 3409 1129 3463 teneone
