2454 3976
390 975 540 1041 Tabula
571 937 940 1059 discrepantiarum,

195 1124 277 1187 quse
299 1102 385 1167 inter
405 1099 523 1188 Lungii
546 1099 722 1167 editionem
745 1098 950 1165 intercedunt
972 1104 1006 1166 et
1027 1124 1144 1169 meam.

272 1294 392 1381 Longii
415 1294 524 1362 editio.

159 1434 182 1472 o.
194 1423 218 1474 1.
238 1415 417 1472 ostendemus

194 1488 344 1544 occurrunt
360 1486 391 1543 in
408 1485 559 1542 latitudine

194 1717 258 1755 oum
277 1699 527 1770 compreetendnnt

194 1771 230 1824 od
261 1770 376 1840 plenem
408 1770 564 1826 centuriam
595 1770 639 1825 est

230 1843 393 1923 computate

194 1910 224 1964 in
242 1910 350 1983 vigiliis
369 1911 434 1966 XV]
453 1912 535 1967 erunt

158 1999 181 2037 c.
192 1989 218 2037 2.
238 1981 379 2054 corporali
396 1982 427 2037 in
443 1998 524 2037 muro

193 2055 223 2108 et
254 2053 285 2109 id
349 2053 384 2110 de
415 2055 548 2110 manente
576 2070 639 2109 eum

229 2127 308 2180 mute
327 2125 400 2180 imus

193 2195 223 2248 in
237 2195 351 2251 modum
363 2196 469 2251 formae
480 2195 639 2251 subiectum

194 2264 305 2333 quondo

194 2333 270 2404 quod
287 2334 375 2390 fuerit
392 2335 482 2406 signis
499 2334 638 2404 tabulin0‚

229 2406 305 2488 quod
322 2405 409 2462 fuerit
425 2406 563 2476 tubulino,
585 2405 641 2462 erit

228 2495 331 2547 sigms3
350 2477 523 2548 semistrigie
541 2517 593 2533 ...
676 2499 684 2514 s

158 2563 181 2602 e.
192 2554 216 2604 3.
235 2548 355 2604 tendent
519 2596 522 2601 ⁴

158 2635 181 2673 c.
192 2624 217 2673 4.
236 2617 377 2674 vexillarii
390 2618 437 2674 vel
452 2618 583 2674 cohortes
597 2635 639 2673 se·

230 2688 339 2744 eundae

192 2760 243 2815 Lx
259 2761 347 2844 pedes

158 2848 181 2886 o.
193 2838 217 2890 7.
237 2831 371 2904 dispositi
390 2831 447 2889 siut
466 2833 495 2888 et
513 2830 639 2886 decurio·

228 2917 278 2957 nes

158 2989 182 3027 o.
193 2977 217 3027 8.
236 2972 422 3029 tentoriorum

158 3060 181 3098 o.
193 3049 217 3098 9.
239 3043 368 3099 cohortes
406 3042 546 3099 suetoriue

159 3132 181 3170 o.
195 3121 236 3172 10.
256 3113 361 3170 debent
386 3062 486 3170 fibello
515 3113 640 3171 ostendi·

228 3202 291 3240 mus

158 3272 181 3311 o.
193 3263 235 3312 11.
254 3256 284 3311 in
302 3255 421 3311 formem
439 3253 528 3328 portis
546 3255 621 3312 imae

158 3333 272 3384 o.14.e
309 3327 431 3383 rsetorio
454 3326 503 3383 via
526 3328 638 3398 praeto-

229 3397 272 3451 ris
311 3398 394 3454 'citur

893 1315 974 1361 mett.

693 1413 868 1469 ostendimus
894 1417 920 1471 A

693 1485 845 1540 decurrunt
863 1485 970 1556 (Lange
987 1485 1019 1541 in
1035 1503 1176 1545 commen·

728 1555 813 1638 turio)
836 1555 867 1610 in
890 1555 1068 1628 longitndine
1092 1556 1176 1628 (Goe-

694 1629 837 1753 efficti
855 1697 977 1780 tendunt

693 1769 730 1824 ed
752 1768 867 1839 plenum
893 1768 1035 1839 legionem
1058 1770 1105 1842 (A)
1131 1775 1177 1828 est

729 1839 925 1910 computate*

693 1910 723 1964 in
741 1909 849 1995 vigiliis
867 1909 997 1965 nonnulli
1016 1913 1098 1966 erunt

694 1981 1026 2134 ffirzlssdztfflm
1048 2051 1094 2108 its
1115 2071 1176 2108 mu·

727 2124 851 2179 tebsmus

693 2194 724 2248 in
740 2193 856 2249 modum
874 2192 981 2249 formes
1000 2193 1145 2251 subiectus

693 2262 770 2333 quod
789 2264 835 2335 (A)
855 2263 880 2317 si

693 2334 769 2404 quod
796 2333 883 2389 fuerit
910 2333 1012 2406 signis,
1044 2335 1176 2392 tubulino

729 2405 797 2473 erit3
815 2421 890 2461 nune
908 2404 1082 2477 semistrigin
1100 2451 1108 2466 .
1123 2450 1153 2464 ..

692 2547 815 2604 tendent
832 2547 867 2616 (A
885 2547 995 2618 tendet)

691 2617 835 2675 vexillarii

693 2759 768 2812 Lxx
785 2758 873 2829 pedes
891 2759 917 2812 Α

694 2829 827 2900 dispositi
846 2827 1011 2886 decuriones
1029 2828 1055 2882 A

694 2969 929 3043 semistrigiorum
1124 3035 1130 3045 ‚

695 3043 824 3098 cohortes
863 3041 951 3097 rimse
970 3043 1000 3097 et
1014 3043 1176 3114 praetoriae

694 3113 811 3180 debent3
830 3113 852 3167 h
889 3112 930 3169 llo
949 3113 1124 3170 ostendimus

693 3255 724 3311 in
740 3253 795 3310 fori
813 3255 894 3324 porte
914 3255 971 3310 ime

693 3325 870 3396 spreetorio
893 3326 941 3381 vis
964 3325 1109 3397 praetoria
1126 3326 1177 3381 dn·

729 3397 802 3452 citur
846 3397 872 3450 A
889 3396 946 3451 nisi
959 3396 1035 3465 quod
1048 3399 1082 3454 tn
1094 3413 1175 3469 prse-

728 3467 802 3523 terio
821 3467 916 3523 hebet.
