2454 3976
103 114 146 178 10
501 110 716 170 PRAEFATIO.

102 277 176 341 vide
198 277 289 340 illius
311 276 532 341 temeritatem
555 274 799 361 ‘Subactarius',
827 299 910 362 quae
933 299 997 343 vox
1019 282 1120 346 semel

102 368 232 430 tantum
254 365 290 428 in
312 365 524 448 inscriptione
547 366 632 448 apud
656 364 782 430 Gruter.
806 367 881 450 648,
902 367 922 431 8
945 367 1121 454 invenitur,

103 474 167 537 quo
191 472 231 518 ex
252 453 334 538 loeo,
361 453 438 538 quid
462 454 707 538 significaverit,
737 454 870 518 minime
898 457 1041 539 perspici
1063 476 1120 541 po-

102 545 178 624 test,
208 541 362 607 audacter
383 543 419 606 in
441 545 568 607 textum
590 543 723 627 recepit.
768 541 851 606 Mihi
875 543 1004 627 quidem
1028 545 1120 611 loeus

102 630 296 695 insanabilis
328 629 511 711 videbatur,
547 631 649 696 donec
681 632 716 696 in
744 630 884 716 Vegetio
916 633 951 696 in
983 635 1120 699 verbum

102 719 367 800 supernumerarii
399 719 528 802 saepius
560 720 736 804 repetitum
762 720 895 784 incurri.
917 719 1120 807 -Quinquies

102 807 159 872 illo
182 805 341 890 Vegetius
363 808 480 872 utitur:
510 806 575 890 Ill,
600 809 640 875 18
664 809 724 873 bis.
756 807 819 892 Ill,
843 809 887 872 20
909 809 969 873 bis.
1001 809 1048 893 ΙΙ,
1068 813 1121 894 19,

102 917 198 979 quem
217 896 324 960 locum
343 896 538 961 exscribam:
563 895 701 962 ‘accensi
723 897 786 961 hoo
807 899 858 960 est
874 902 989 980 postea
1008 899 1121 985 additi,

103 1006 199 1067 quam
222 984 340 1050 fuisset
361 984 450 1069 legio
470 986 647 1070 completa,
670 1007 751 1069 quos
769 1006 854 1049 nunc
874 1007 1120 1070 supernumera-

102 1073 168 1138 rios
191 1072 331 1139 vocant’.
377 1072 551 1157 Confiteor,
573 1075 712 1140 multum
735 1074 771 1138 in
789 1072 921 1159 Vegetii
944 1076 1054 1140 verbis
1077 1077 1119 1141 ad

101 1161 370 1245 perspicuitatem
393 1161 583 1245 desiderari,
605 1164 662 1228 sed
684 1184 779 1226 nemo
800 1182 866 1226 non
884 1162 986 1246 videt,
1009 1186 1120 1248 super-

101 1249 304 1314 numerarius
330 1253 458 1334 partem
481 1251 643 1334 quandam
669 1251 801 1315 illorum
824 1254 1010 1335 temporum
1033 1275 1121 1319 exer·

104 1339 187 1403 citus
210 1338 320 1403 fuisse.
366 1337 411 1403 Et
432 1337 585 1424 Hyginus
613 1361 680 1404 non
706 1339 756 1403 ita
781 1339 922 1403 multum
946 1363 966 1405 a
988 1340 1120 1427 Vegetii

102 1429 209 1492 aetate
241 1427 343 1492 distat
375 1427 413 1493 cf.
441 1448 472 1510 p.
500 1428 530 1492 3.
588 1426 759 1492 Eiusmodi
785 1427 966 1508 notionem,
1011 1431 1119 1513 qualis

101 1517 199 1580 verbo
222 1514 603 1601 superoumcrorr'i'ineat,
625 1537 691 1581 non
714 1516 853 1580 alienam
877 1538 946 1581 esse
971 1520 1120 1584 utribus

101 1603 228 1688 Hygini
250 1604 348 1688 locis,
375 1627 455 1689 quos
480 1626 579 1689 supra
606 1604 806 1687 enumeravi,
837 1605 991 1670 concedes
1013 1629 1119 1692 neque

101 1691 271 1756 Arccriani
301 1693 432 1759 litterae
459 1694 557 1759 nimis
585 1696 779 1778 repugnant.
823 1693 887 1758 Pro
909 1699 947 1758 cd
966 1692 1027 1780 (A)
1051 1718 1119 1761 cor-

101 1780 172 1844 rexi
192 1780 247 1844 ubc'
269 1785 312 1864 et,
334 1781 420 1865 quod
438 1781 567 1847 facilius
585 1783 757 1848 videbatur
775 1803 872 1864 quam
890 1782 1009 1847 inicere
1027 1804 1120 1866 super

103 1865 254 1954 (Lange),
275 1873 447 1952 praeterea
468 1869 555 1934 idem
574 1870 720 1952 efficitur,
743 1891 843 1953 quum
862 1871 1012 1936 cohortes
1032 1875 1120 1957 equi-

101 1959 189 2022 tatae
222 1962 255 2023 et
288 1958 454 2041 peditatae
486 1958 527 2024 ad
558 1959 648 2025 viam
679 1958 872 2044 quintanam
904 1963 1050 2043 spectent
1086 1967 1119 2026 et

102 2047 391 2130 supernumerariis
419 2049 637 2133 gentibusque
663 2048 747 2113 nihil
769 2047 971 2130 relinquatur
993 2049 1059 2114 nisi
1082 2055 1119 2116 ut
1160 2054 1163 2059 ’

102 2134 142 2198 ad
165 2134 251 2198 viam
274 2135 459 2215 sagularem
482 2139 636 2218 spectent.

192 2243 218 2286 c.
237 2223 290 2286 20.
330 2222 458 2290 Soboloe
492 2223 661 2289 cohortium
686 2222 867 2306 primiciis,
902 2224 956 2289 ubi
987 2246 1119 2293 muucro

102 2311 255 2393 lucorum
276 2311 430 2397 cucur,
451 2313 488 2377 r'u
509 2333 634 2378 ecomuo
657 2312 825 2394 lecatorum
850 2318 956 2378 coroa
978 2317 1119 2397 aquilam

101 2400 174 2464 dori
194 2399 317 2481 debeat]
340 2398 380 2464 In
402 2400 433 2466 A
456 2401 576 2486 legitur
596 2400 716 2467 subolae
737 2400 868 2465 cohortis
882 2403 1008 2488 pomo,
1032 2406 1119 2488 quod

101 2486 214 2572 Lange
237 2488 286 2553 ita
309 2488 494 2556 emendavit
515 2489 634 2556 scholae
660 2489 831 2555 cohortibus
848 2491 971 2570 primis
1016 2489 1118 2558 Cuius

102 2576 276 2661 explicatio
299 2600 331 2662 p.
352 2579 416 2643 170
439 2578 537 2662 digna
560 2581 619 2662 est,
642 2599 724 2663 quae
742 2577 883 2662 legatur:
908 2578 1048 2645 ‘dativus
1068 2603 1119 2647 co·

101 2664 251 2730 hortibus
270 2665 385 2750 primis
404 2666 523 2751 pendet
542 2689 561 2730 a
579 2668 710 2733 notione
725 2666 917 2752 contrariae,
936 2689 1017 2752 quae
1031 2671 1119 2735 inest

100 2754 135 2818 in
162 2755 271 2819 verbis
303 2759 418 2821 contra
450 2755 614 2839 aquilam'.
671 2754 749 2822 Non
775 2756 877 2841 igitur
904 2757 1008 2822 sensit
1036 2780 1065 2823 v.
1089 2759 1135 2825 d.'

100 2841 162 2906 tali
184 2842 400 2926 explicatione
421 2844 590 2911 notionem
605 2843 810 2910 ‘contrariae'
833 2844 884 2909 bis
907 2850 1020 2911 nostro
1045 2847 1117 2912 loco

101 2929 272 3015 vindicari,
301 2931 444 3015 primum
470 2934 578 2998 verbis
606 2932 805 3000 ‘cohortibus
833 2933 969 3018 primis'‚
1004 2935 1118 3002 deinde

101 3017 227 3085 ‘contra
255 3019 421 3104 aquilam'.
470 3019 606 3087 Maioris
635 3023 794 3087 momenti
825 3024 889 3105 est,
921 3022 1007 3107 quod
1036 3046 1118 3107 quae

99 3106 212 3192 Lange
235 3109 395 3193 postulat,
421 3109 492 3193 ipse
515 3131 581 3175 non
603 3114 713 3193 potest
736 3110 871 3177 efficere.
917 3109 987 3175 Iam
1009 3112 1044 3175 in
1068 3134 1118 3177 oa-

101 3196 179 3260 stris
196 3199 299 3262 trium
317 3197 484 3283 legionum
502 3219 567 3263 non
585 3201 697 3282 potest
712 3199 792 3282 fieri,
814 3201 852 3262 ut
870 3199 1001 3264 scholae
1021 3201 1119 3265 simul

101 3284 216 3368 primis
240 3286 429 3352 cohortibus
453 3287 635 3353 contrariae
662 3290 695 3350 et
720 3287 756 3352 in
778 3308 912 3353 scamno
935 3289 1118 3372 legatorum

101 3372 182 3456 sint,
215 3395 293 3439 nam
321 3377 438 3441 tertiae
469 3376 609 3460 legionis
639 3375 745 3460 prima
771 3376 889 3441 cohors
920 3376 961 3440 ad
988 3383 1119 3461 portam
