2454 3976
93 184 137 250 36
509 186 642 242 HYGINI

181 347 235 413 51.
267 344 396 414 Οιιιοιι
426 349 535 414 trunci
565 350 696 415 ramosi
745 348 798 414 Ad
829 349 889 415 hos
920 350 1114 438 decurritur,

93 435 122 500 si
145 435 208 500 soli
229 439 349 502 natura
370 437 472 503 nimia
494 437 667 503 teneritate
687 459 799 522 cespes
821 438 985 524 frangitur
1006 463 1113 528 neque

92 523 201 606 lapide
228 524 343 590 mobili
369 526 433 591 nisi
460 526 691 612 confragosum
717 527 840 591 rollum
868 529 973 592 extrui
999 533 1114 614 potest

92 632 152 677 nec
174 612 371 698 fossafieri,
393 617 520 680 utnon
542 615 633 698 ripae
655 614 816 681 decidant

182 700 1113 856 ιι

65 826 79 866 c

93 789 239 963 ιιιιὲιιιοι
262 878 393 945 ordines
416 791 547 965 vigiiiae
570 879 714 945 crebrius
732 885 909 982 ponantur3
933 884 967 946 et
958 818 1111 967 equites

93 966 220 1031 alterna
241 966 312 1032 rice
335 971 444 1034 cestra
465 969 600 1034 circuire
622 967 751 1035 debent
793 965 886 1033 Sim
906 973 1035 1055 pacato,
1059 993 1111 1038 so-

91 1054 256 1120 lummodo
279 1055 421 1122 tuendae
448 1056 640 1140 disciplinae
666 1078 765 1122 causa
793 1079 876 1122 unus
901 1057 980 1124 ordo
1003 1081 1111 1126 armo·

53 1160 79 1200 10
92 1164 166 1207 rum
190 1143 324 1229 sufficit,
347 1148 381 1210 et
403 1145 536 1229 vigiliae
558 1145 663 1211 rarius
685 1145 936 1212 constituuntur.

181 1231 235 1297 53.
256 1232 442 1319 Aggeribus
466 1236 573 1300 autem
597 1234 645 1299 ita
666 1233 706 1298 fit
727 1233 863 1317 vallum,
892 1233 920 1297 si
942 1233 1032 1299 locus
1055 1258 1110 1319 pe·

91 1321 201 1384 trusus
232 1324 289 1385 aut
316 1342 471 1388 arenosus
498 1322 610 1405 firerit,
646 1323 732 1407 quod
762 1322 830 1387 sine
858 1322 957 1388 dubio
989 1343 1110 1408 aggere

91 1405 179 1472 facto
144 1409 419 1475 tmunitionem
441 1410 559 1475 castris
580 1411 723 1493 praebet

181 1495 234 1562 54.
264 1495 414 1583 Angelos
451 1501 633 1564 castrorum
669 1499 819 1564 circinari
851 1501 996 1583 oportet,
1032 1499 1111 1583 quia

52 1601 189 1650 1⁶coxas
223 1584 369 1652 efficiunt
395 1586 667 1670 instabiliuntque
698 1609 781 1671 opus
811 1586 1111 1671 propugnationum

11 1686 81 1758 seb,
91 1675 246 1740 tutantes.
292 1672 451 1741 Oireiuari
475 1675 481 1759 Ι
506 1675 670 1741 debebunt
697 1697 736 1740 ex
766 1675 895 1761 angulis
918 1675 1111 1760 cohortium,

91 1783 175 1846 quoe
206 1760 351 1829 efficiunt
382 1762 591 1830 latitudinem
618 1763 726 1847 operis
757 1764 878 1848 pedum
904 1762 975 1846 LX,
1006 1785 1111 1848 usque

92 1871 155 1934 quo
182 1850 286 1917 lineas
317 1852 490 1920 exteriores
522 1852 820 1936 comprehenderis,
852 1873 934 1935 quae
965 1850 1112 1916 efficiunt

92 1941 221 2022 partem
234 1943 392 2023 quartam.
437 1939 491 2005 55.
514 1937 671 2005 Similiter
694 1939 852 2005 clavicula
874 1940 1049 2004 circinabis
1072 1962 1112 2004 ex

51 2045 79 2086 ιο
92 2027 180 2093 linea
201 2027 354 2094 interiore
377 2028 468 2112 valli,
500 2031 623 2112 puncto
645 2028 770 2094 mediae
792 2031 919 2112 portae,
956 2028 1111 2112 adaperto

92 2115 212 2183 circino
244 2115 285 2182 ad
316 2117 481 2183 cardinem
512 2120 636 2200 portae.
690 2116 741 2182 Ex
772 2138 810 2182 eo
842 2116 948 2181 medio
980 2119 1112 2200 praeter

93 2203 181 2270 ιιιιιι
205 2205 377 2272 circinabis
397 2207 433 2271 in
452 2205 586 2273 eandem
605 2206 734 2290 lineam,
754 2227 835 2290 quae
853 2207 964 2269 centro
983 2204 1112 2270 serviet.

90 2291 189 2377 Item,
220 2296 340 2376 puncto
374 2297 540 2376 manente,
575 2293 693 2359 adicies
725 2292 932 2359 latitudinem
965 2292 1046 2357 valli
1078 2297 1112 2357 et

91 2381 210 2445 iterum
233 2380 405 2447 circinabis
428 2382 464 2446 in
487 2380 622 2447 eandem
640 2383 767 2466 lineam,
789 2385 828 2447 ut
845 2382 1007 2446 intrantes
1030 2402 1111 2446 sem·

94 2581 212 2629 lcervo
232 2590 298 2660 eruo
317 2571 559 2633 litrunciramoasi.
596 2571 823 2643 tfregoritur.
878 2570 1034 2643 alapidem
1051 2587 1111 2626 mo·

92 2679 179 2735 bilem
198 2695 266 2737 corr.
283 2678 338 2735 Seu
409 2679 555 2750 copiosum
577 2677 686 2733 bellum
756 2677 852 2747 4ripe
925 2676 1110 2732 eordinibue

92 2754 247 2807 castrorum
265 2749 318 2803 IIII
337 2750 441 2818 castra,
465 2752 621 2807 castrorum
639 2751 716 2806 eiecit
734 2749 790 2805 Sat
875 2755 891 2804 *1
911 2747 1037 2817 aequites

91 2892 232 2948 9tuende
319 2897 352 2947 10
370 2890 494 2974 vigilque
580 2850 770 2946 constituntur
855 2895 887 2945 11
906 2889 1018 2944 bellout
1039 2905 1109 2944 corr

91 2961 379 3034 Sch.1taggeri
462 2969 496 3017 14
514 2961 633 3032 angulus
721 2967 754 3016 15
772 2959 1024 3029 instabiliuntquue

127 3032 348 3115 opuguetionem
369 3034 465 3087 tutent
543 3039 576 3088 16
595 3048 630 3087 ex
648 3032 765 3102 angulos
839 3037 873 3086 17
893 3047 992 3099 quaeq.
1011 3029 1113 3085 latitu-

91 3050 173 3158 dines
193 3102 284 3173 operis
341 3110 374 3160 18
392 3102 470 3158 linea
487 3101 639 3158 exteriores
658 3101 920 3173 compraehenderit
992 3107 1025 3155 19
1044 3117 1111 3171 pars

93 3245 193 3312 quarte
211 3260 278 3300 corr
294 3242 349 3302 nes
420 3249 455 3299 20
472 3244 544 3299 balli
615 3243 712 3298 iuncto
731 3246 811 3315 (corr.
812 3243 894 3315 adet)
913 3242 1022 3298 mediae
1041 3202 1110 3323 porte

92 3331 161 3372 corr
172 3314 251 3372 Serio
325 3322 357 3370 21
377 3314 458 3385 porte
532 3331 566 3370 ea
583 3313 685 3383 media,
704 3330 754 3371 om.
771 3330 805 3370 ex
822 3321 886 3372 cote
904 3331 938 3371 ea
993 3318 1026 3368 ιι
1046 3313 1111 3368 viae

130 3460 164 3511 ιι
183 3454 283 3524 punito
303 3454 431 3510 mouenti
503 3405 599 3510 subdi
