2454 3976
433 168 435 171 ·
502 216 721 275 Pacuuium.
1100 216 1122 285 3

194 381 298 457 Quam
318 381 546 447 collectionem
561 383 665 446 sineo
692 402 746 446 era
760 381 959 465 amplificare
978 403 1134 467 possum,¹

98 493 132 536 v.
147 489 178 554 g.
201 490 268 534 non
285 470 510 553 praetereundi
529 472 624 534 erant
641 493 662 534 a
704 470 801 554 angio
821 470 899 553 loci,
920 469 1037 553 quibus
1057 470 1121 536 alio

101 561 286 623 atramento
309 558 432 644 aliquid
456 579 554 643 supra
576 559 695 622 lineam
716 558 951 643 scriptumest,
973 580 1121 623 nemeae

99 647 319 712 correctiones
343 646 385 711 ad
408 647 438 712 A
461 647 608 731 proxime
631 647 799 731 accedunt,
831 647 880 712 ita
902 649 939 710 ut
962 645 1000 729 0,
1031 651 1122 730 post·

100 756 201 820 quam
225 739 374 800 exaratus
397 739 457 819 est,
479 758 518 800 ex
538 735 646 800 codice
671 734 778 800 autA
799 737 872 819 ipso
896 739 953 800 aut
972 735 1001 800 A
1021 736 1122 800 simil·

100 825 182 889 limo
205 822 396 890 emendatus
421 845 491 889 esse
513 823 672 892 videatur.
1123 850 1126 854 ·

193 935 256 1002 Sed
274 940 340 1003 iam
358 938 455 1004 redeo
479 938 520 1003 ud
544 961 591 1024 ea,
615 960 696 1023 quae
716 961 814 1023 supra
833 938 981 1022 exposui3
1005 938 1071 1003 dixi
1091 938 1121 1002 A

101 1027 210 1092 solum
231 1027 469 1111 respiciendum
492 1048 572 1109 esse,
594 1025 623 1092 B
648 1031 681 1091 et
704 1025 729 1093 G
753 1048 791 1091 ex
811 1025 843 1091 A
866 1030 922 1091 ant
945 1031 1034 1093 recta
1058 1028 1121 1093 ori·

101 1115 179 1200 gine
199 1119 256 1180 aut
275 1116 468 1201 ambagibus
486 1115 628 1181 fluxisse.
661 1114 696 1181 Si
715 1116 763 1180 ita
783 1119 841 1198 est,
859 1115 991 1180 libellus
1008 1120 1122 1182 noster

102 1207 136 1268 et
160 1204 257 1268 titulo
280 1204 316 1270 dc
339 1205 562 1270 munitionibus
585 1209 756 1270 castrorum
779 1207 812 1267 et
833 1200 966 1288 Hygino
991 1208 1121 1269 auctore

100 1293 260 1375 privatur.
304 1292 390 1358 Nam
412 1291 524 1377 Lange
547 1294 618 1377 ipse
640 1292 763 1358 fatetur
780 1291 926 1377 prolegg.
940 1314 971 1375 p.
982 1293 1023 1358 37
1045 1291 1121 1377 ‘Hy-

102 1380 174 1466 gini
197 1402 314 1464 nomen
338 1381 457 1446 codicis
480 1381 651 1446 Aroeriani
678 1381 871 1446 anctoritate
898 1402 963 1445 non
990 1380 1122 1447 fnlciri'.

100 1468 218 1534 Frater
236 1469 366 1554 quidem
385 1492 474 1535 meus
495 1468 647 1552 [Hermes
667 1471 731 1535 vol.
745 1467 793 1534 XI
810 1469 927 1553 p.164]
946 1490 1012 1534 non
1028 1469 1121 1535 dubi·

100 1559 185 1623 tavit
216 1559 410 1624 contendere
442 1558 591 1624 libellum
627 1563 777 1623 nostrum
813 1579 881 1622 non
913 1559 954 1623 ab
987 1556 1121 1644 Hygino

100 1645 235 1711 Traiani
258 1648 400 1731 aequali,
423 1647 456 1712 id
480 1648 566 1731 quod
585 1646 697 1732 Lange
718 1646 834 1729 voluit,
860 1647 1019 1729 scriptum
1042 1668 1122 1730 esse,

102 1735 160 1800 sed
184 1736 224 1799 ab
249 1741 380 1800 auctore
408 1737 524 1820 ignoto
554 1739 631 1820 post
652 1735 884 1817 imperatorem
909 1732 1121 1801 Caracallum.

102 1823 166 1889 oui
189 1845 250 1909 ego
275 1824 447 1907 adsentior,
470 1825 527 1909 qui
549 1822 674 1888 codices
694 1822 769 1888 illos
790 1824 972 1889 accuratius
990 1824 1122 1889 inresti-

102 1913 224 1996 garim3
258 1915 370 1976 tamen
401 1912 520 1977 retinui
549 1912 683 1978 titulum
705 1911 830 1996 priuc'
855 1913 1020 1996 morantem
1047 1913 1122 1978 liber

100 2003 137 2066 dc
170 2002 395 2066 munitionibus
427 2007 612 2085 coecorum,
650 2001 726 2086 quia
757 2000 848 2066 vullus
886 2001 1001 2065 titulus
1034 2004 1121 2066 certe

101 2089 217 2155 libello
245 2089 475 2173 relinquendus
509 2092 580 2153 erat
612 2093 645 2153 et
674 2089 796 2173 optime
824 2088 952 2174 quidem
981 2090 1025 2173 is,
1057 2112 1120 2174 quo

102 2179 207 2243 adhue
230 2178 392 2242 utebatur.

190 2293 230 2358 In
248 2296 341 2357 textu
355 2292 551 2359 recensendo
567 2293 674 2358 solum
689 2291 831 2358 codicem
846 2292 886 2376 A,
903 2292 993 2358 onius
1007 2292 1120 2359 lectio·

100 2404 159 2446 nes
188 2382 294 2446 textui
322 2381 457 2466 subieci,
490 2385 618 2447 secutus
647 2405 732 2466 sum3
766 2381 846 2447 satis
870 2380 1044 2466 diligenter
1067 2383 1119 2447 de·

102 2468 1120 2642 arriduitreimundi¹31⁸r13otuu

100 2647 134 2712 in
158 2669 196 2712 eo
220 2647 403 2721 manifesto,
423 2669 574 2731 perverse
597 2647 721 2732 scripta
744 2651 845 2729 erant,
872 2647 1000 2712 medela
1023 2649 1120 2713 corri-

101 2756 178 2819 gere
202 2735 321 2820 studui,
340 2740 482 2800 ceterum
506 2739 539 2800 et
563 2736 682 2802 codicis
706 2736 809 2820 ipsius
831 2735 959 2801 litteras
983 2739 1016 2800 et
1032 2737 1120 2819 prio·

99 2847 174 2888 rum
205 2824 367 2890 editorum
396 2824 627 2908 correctiones,
660 2824 767 2911 quoad
800 2825 868 2889 eius
900 2823 971 2888 fieri
1001 2825 1120 2908 potuit,

101 2913 186 2978 colui
214 2917 247 2977 et
269 2913 402 2996 retinui,
433 2913 509 2998 quia
538 2917 664 2997 vetera,
696 2934 778 2996 quac
808 2912 937 2996 quidem
968 2914 1001 2976 et
1033 2911 1120 2977 bona

101 3002 181 3086 sint,
204 3023 370 3067 reservare
393 3002 557 3086 imprimis
581 3001 714 3068 editoris
739 3023 809 3066 esse
832 3000 961 3066 credidi.
1002 2999 1119 3087 ltaque

101 3088 262 3175 Largium
282 3091 382 3154 etiam
401 3091 436 3156 in
451 3089 614 3174 capitibus
630 3089 864 3157 constituendis
885 3093 1014 3156 secutus
1034 3111 1119 3171 sum;

101 3183 215 3244 contra
238 3179 427 3263 saepissime
451 3178 546 3244 aliter
569 3178 765 3263 interpunxi.

189 3285 258 3349 Iam
281 3288 412 3351 transeo
441 3284 482 3350 ed
506 3285 721 3350 defendendos
752 3285 878 3369 aliquot
905 3284 995 3348 locos
1024 3305 1044 3346 a
1065 3304 1119 3348 me

102 3374 299 3438 emendatos.

189 3501 214 3545 c.
242 3482 269 3544 1.
309 3480 364 3562 qui
391 3480 558 3546 decurrunt
581 3481 618 3545 iu
650 3479 839 3562 lonpdudiac
862 3480 978 3561 pedum
1006 3477 1117 3558 CXX]
