2454 3976
470 210 688 288 saumario,
1067 213 1091 278 5

70 376 218 461 proxime
242 374 283 440 ab
307 374 410 438 altera
433 373 639 457 exprimatur.
672 374 787 459 Itaque
805 397 901 440 ausus
921 398 993 441 sum
1012 378 1089 441 scri·

71 467 150 531 bere
173 464 334 544 coniuncti,
357 485 420 547 quo
444 463 544 528 verbo
566 485 700 547 prorsus
720 464 820 529 simili
837 463 963 530 ratione
985 465 1090 530 utitur

70 553 223 639 Hyginus
252 574 277 617 c.
301 551 343 616 39
372 550 425 615 ‘ad
448 573 542 616 suum
570 552 706 636 quisque
737 574 908 618 numerum
935 554 1091 619 coniuncti

69 643 248 709 convenient
277 645 309 705 et
332 661 358 704 o.
376 639 430 705 49.
475 639 620 705 Litterae
648 644 758 706 autem
781 642 816 706 in
837 641 1013 707 Aroeriano
1039 664 1091 708 ex·

71 734 198 797 stantes
234 751 302 794 non
337 728 523 813 infringunt
558 751 665 795 meam
701 730 942 796 correctionem.
996 730 1090 796 Duae

70 820 197 905 priores
221 817 366 902 syllabae
387 819 501 882 coninn
519 819 665 901 proxime
684 818 839 884 accedunt
857 819 898 884 ad
920 819 1002 884 illud
1020 840 1090 885 cnon

69 929 141 990 con,
175 911 209 972 et
229 927 310 988 proc
337 927 376 969 ex
399 907 440 972 cn·
466 906 545 971 oriri
572 907 718 991 potuisse
745 909 902 991 probabo.
947 907 1089 993 Praepo-

70 998 225 1062 sitionem
242 1016 323 1077 proc
341 994 529 1078 saepissime
547 996 583 1060 in
601 995 765 1061 codicibus
784 1018 842 1080 per
862 997 1090 1081 compendium

72 1087 231 1168 scriptam
258 1083 415 1166 invenies3
447 1105 474 1149 e.
498 1105 528 1168 g.
550 1084 586 1147 in
608 1083 676 1149 eod.
700 1083 846 1149 Gudiano
870 1086 1089 1151 bibliothecae

71 1173 345 1256 Guelferbytanae
370 1171 434 1237 105
458 1173 493 1236 in
514 1172 599 1237 libro
622 1171 747 1258 Hygini
770 1172 809 1239 de
832 1173 991 1244 limitibus
1015 1195 1089 1239 con·

72 1261 247 1328 stituendis
266 1262 424 1345 scriptum
443 1264 494 1326 est
507 1259 553 1347 (p.
566 1260 630 1325 170
643 1259 832 1326 Lachmann
851 1262 1090 1348 agrimensores

71 1348 214 1435 romani)
233 1349 402 1432 conplenda·
420 1371 480 1433 pro
499 1349 729 1432 conproclnndc‘,
749 1350 833 1435 quod
847 1350 1037 1416 Lachmann
1054 1351 1090 1415 in

71 1440 178 1506 variet
180 1441 232 1503 ate
255 1438 434 1504 lectionum
457 1439 568 1503 omisit
553 1442 660 1523 t‚ego
682 1442 738 1504 aut
740 1461 791 1504 em
814 1440 943 1504 affirmo
966 1440 1015 1504 ita
1037 1462 1090 1505 ex-

71 1532 169 1611 stare,
192 1527 247 1612 qui
270 1527 340 1610 ipse
363 1525 509 1593 viderim
560 1527 695 1593 Porro
685 1550 720 1592 1n
743 1527 812 1593 cod.
835 1525 962 1592 Olibri
983 1529 1090 1592 nostri

72 1617 124 1682 do
153 1616 388 1681 munitionibus
417 1615 615 1681 castrorum'
644 1638 671 1681 c.
692 1617 735 1681 23
759 1617 938 1699 p'ton'dnac
965 1613 1091 1702 (Lange

72 1703 151 1791 om.)
176 1706 334 1788 scriptum
358 1706 415 1768 est.
462 1704 533 1768 Iam
557 1705 704 1789 suspicor
727 1705 898 1769 librarium
920 1702 1091 1770 Arceriani

66 1795 105 1878 p!-
127 1815 186 1877 pro
211 1792 339 1877 syllaba
361 1793 403 1856 cti
425 1792 558 1877 legisse,
586 1814 684 1876 quam
706 1792 741 1856 in
763 1793 876 1858 archet
861 1796 943 1876 typo
966 1793 1091 1859 invenit

71 1888 107 1948 et
129 1880 357 1966 compendium
379 1881 459 1946 satis
483 1882 630 1946 notum
621 1904 657 1945 1n
672 1903 753 1964 proc
775 1882 921 1947 solvisse.

162 1972 205 2036 od
225 1970 353 2053 pnnono
380 1970 526 2052 lcyo'onern
553 1975 598 2036 cst
623 1967 834 2054 computata*
864 1991 901 2035 ecc
903 1971 1069 2123 t'qncbns
1055 1991 1091 2036 cn

71 2061 189 2162 oiyilo'c's
210 2059 355 2124 nonnulli
378 2062 486 2143 nont]
524 2057 689 2143 Langep
714 2060 815 2124 110
805 2062 917 2125 mvent
918 2082 973 2122 urn
997 2081 1093 2124 suum

71 2151 109 2214 in
126 2149 243 2231 oiyc'lo'c'e
257 2148 347 2212 XVI
362 2151 454 2211 oront
474 2147 560 2211 fruet
545 2150 598 2211 tra
616 2146 767 2211 defendit.
798 2145 1009 2231 computavit
1031 2148 1091 2213 ita:

72 2235 426 2408 titillabit?
446 2239 586 2408 {llll
606 2236 856 2408 ttlttnltt
874 2235 1092 2390 tellit

71 2415 171 2500 tegit3
190 2435 267 2498 ergo
286 2412 366 2477 XVI
388 2413 510 2478 milites
529 2413 649 2497 reliqui
668 2414 702 2478 in
720 2413 864 2478 excubiis
884 2417 986 2478 erunt.
1014 2414 1092 2479 Per·

73 2505 187 2587 spicue
210 2508 259 2567 est
281 2503 344 2567 viri
366 2503 537 2567 temeritas
557 2505 590 2567 et
607 2502 800 2567 militarium
822 2523 931 2566 rerum
950 2502 1092 2566 inscitia.

74 2591 155 2668 Quis
180 2591 266 2655 euim
290 2590 439 2675 quintam
466 2594 604 2674 partem»
617 2591 781 2656 centuriae
805 2591 840 2655 in
862 2590 992 2675 vigilias
1016 2591 1092 2655 mit-

72 2680 145 2746 tat?
183 2679 306 2744 Tamen
332 2683 446 2745 nostro
477 2679 550 2744 loco
583 2679 763 2763 simplicem
791 2679 979 2763 vigiliarum
1007 2679 1093 2744 ordi·

72 2790 150 2833 nem
172 2766 288 2833 habes:
312 2768 387 2851 quid
410 2768 477 2851 fiet,
500 2789 573 2832 cum
595 2768 774 2853 imperator
797 2790 835 2832 ex
854 2767 978 2852 Hygini
1000 2789 1093 2851 prae·

73 2862 168 2941 cepto
193 2879 219 2920 c.
233 2856 276 2921 52
296 2855 472 2921 ‘armorum
491 2856 658 2921 ordinibus
672 2856 740 2921 ΠΙΙ
757 2861 865 2921 castra
883 2854 1093 2920 munirerit’?

74 2945 198 3028 Scripsi
224 2946 369 3010 nonnulli
400 2966 460 3029 pro
493 2945 638 3010 codicum
664 2946 810 3028 singolis,
847 2944 932 3028 quod
963 2944 1092 3009 infinito

73 3035 266 3118 pronomina
298 3034 458 3098 numerali
488 3034 584 3099 nobis
617 3055 698 3117 opus
733 3036 795 3118 est,
830 3055 908 3099 nam
935 3033 973 3097 de
1001 3037 1092 3097 certo

74 3144 209 3188 numero
237 3123 378 3187 militum
406 3144 423 3186 e
447 3123 593 3188 centuria
620 3122 662 3186 ad
689 3123 840 3187 excubias
867 3122 1092 3207 delegatorum

74 3212 159 3277 nihil
177 3212 272 3276 nobis
292 3214 429 3294 constat,
442 3215 613 3294 praeterea
630 3212 774 3276 nonnnllc'
792 3212 977 3276 litterarum
994 3208 1093 3274 ductu

76 3300 328 3365 commendatur.
347 3336 390 3346 -
408 3300 479 3364 Iam
503 3300 603 3383 vides,
627 3322 683 3364 cur
696 3298 807 3384 Lange
825 3299 1008 3379 adplenum
1026 3318 1093 3363 con·

75 3391 193 3455 tnn'orn
216 3387 398 3454 coniecerit.
444 3388 527 3454 Toto
551 3389 657 3472 capite
687 3387 726 3451 de
749 3387 895 3452 centuria
924 3388 978 3472 agi
1000 3392 1094 3471 puta-

75 3477 140 3543 bat.
173 3475 235 3542 Sed
254 3477 349 3560 falso,
371 3499 448 3543 nam
469 3477 508 3542 de
527 3476 631 3561 striga
650 3475 790 3559 scriptor
809 3476 967 3561 exposuit,
989 3477 1094 3560 prius·
