<?xml version="1.0" encoding="UTF-8"?>
<!DOCTYPE html PUBLIC "-//W3C//DTD XHTML 1.0 Transitional//EN"
    "http://www.w3.org/TR/xhtml1/DTD/xhtml1-transitional.dtd">
<html xmlns="http://www.w3.org/1999/xhtml" xml:lang="en" lang="en">
 <head>
  <title>
</title>
<meta http-equiv="Content-Type" content="text/html;charset=utf-8" />
  <meta name='ocr-system' content='tesseract 3.04.00' />
  <meta name='ocr-capabilities' content='ocr_page ocr_carea ocr_par ocr_line ocrx_word'/>
</head>
<body>
  <div class='ocr_page' id='page_1' title='image "./hyginigromatici00gemogoog_0042.png"; bbox 0 0 2454 3976; ppageno 0'>
   <div class='ocr_carea' id='block_1_1' title="bbox 208 157 1167 271">
    <p class='ocr_par' dir='ltr' id='par_1_1' title="bbox 208 157 1167 271">
     <span class='ocr_line' id='line_1_1' title="bbox 208 157 1167 271; baseline 0.003 -11"><span class='ocrx_word' id='word_1_1' title='bbox 208 206 318 262; x_wconf 79' lang='lat' dir='ltr'>LIBER</span> <span class='ocrx_word' id='word_1_2' title='bbox 335 205 384 260; x_wconf 84' lang='lat' dir='ltr'><strong>DE</strong></span> <span class='ocrx_word' id='word_1_3' title='bbox 402 204 671 262; x_wconf 83' lang='lat' dir='ltr'>MUNITIONIBUS</span> <span class='ocrx_word' id='word_1_4' title='bbox 690 205 920 262; x_wconf 81' lang='lat' dir='ltr'><strong>CASTRORUM.</strong></span> <span class='ocrx_word' id='word_1_5' title='bbox 1032 205 1076 271; x_wconf 85' lang='lat'><strong>35</strong></span> <span class='ocrx_word' id='word_1_6' title='bbox 1165 157 1167 163; x_wconf 53' lang='lat'><strong><em>⁴</em></strong></span> 
     </span>
    </p>
   </div>
   <div class='ocr_carea' id='block_1_2' title="bbox 59 367 1177 2485">
    <p class='ocr_par' dir='ltr' id='par_1_2' title="bbox 59 367 1106 790">
     <span class='ocr_line' id='line_1_2' title="bbox 61 367 1077 453; baseline -0.005 -16"><span class='ocrx_word' id='word_1_7' title='bbox 61 371 103 438; x_wconf 89' lang='lat' dir='ltr'><strong>ad</strong></span> <span class='ocrx_word' id='word_1_8' title='bbox 125 391 295 436; x_wconf 88' lang='lat' dir='ltr'><strong>numerum</strong></span> <span class='ocrx_word' id='word_1_9' title='bbox 318 369 537 434; x_wconf 87' lang='lat' dir='ltr'><strong>centuriarum</strong></span> <span class='ocrx_word' id='word_1_10' title='bbox 555 369 771 453; x_wconf 86' lang='lat' dir='ltr'><strong>pertinentem</strong></span> <span class='ocrx_word' id='word_1_11' title='bbox 793 368 920 433; x_wconf 87' lang='lat' dir='ltr'><strong>intento</strong></span> <span class='ocrx_word' id='word_1_12' title='bbox 945 367 1077 453; x_wconf 91' lang='lat' dir='ltr'><strong>ingenio</strong></span> 
     </span>
     <span class='ocr_line' id='line_1_3' title="bbox 61 456 1079 542; baseline -0.004 -18"><span class='ocrx_word' id='word_1_13' title='bbox 61 458 240 542; x_wconf 76' lang='lat' dir='ltr'>elaboravi,</span> <span class='ocrx_word' id='word_1_14' title='bbox 276 461 327 541; x_wconf 85' lang='lat' dir='ltr'><strong>ut,</strong></span> <span class='ocrx_word' id='word_1_15' title='bbox 372 457 401 522; x_wconf 85' lang='lat' dir='ltr'><strong>si</strong></span> <span class='ocrx_word' id='word_1_16' title='bbox 438 456 592 542; x_wconf 86' lang='lat' dir='ltr'><strong>dignatus</strong></span> <span class='ocrx_word' id='word_1_17' title='bbox 632 456 733 520; x_wconf 79' lang='lat' dir='ltr'><strong>fueris</strong></span> <span class='ocrx_word' id='word_1_18' title='bbox 769 456 951 542; x_wconf 86' lang='lat' dir='ltr'><strong>iniungere,</strong></span> <span class='ocrx_word' id='word_1_19' title='bbox 988 456 1079 520; x_wconf 82' lang='lat' dir='ltr'><strong>novi-</strong></span> 
     </span>
     <span class='ocr_line' id='line_1_4' title="bbox 59 544 1081 630; baseline -0.005 -17"><span class='ocrx_word' id='word_1_20' title='bbox 59 548 165 613; x_wconf 84' lang='lat' dir='ltr'><strong>tatem</strong></span> <span class='ocrx_word' id='word_1_21' title='bbox 188 545 378 611; x_wconf 87' lang='lat' dir='ltr'><strong>metationis</strong></span> <span class='ocrx_word' id='word_1_22' title='bbox 406 544 447 610; x_wconf 92' lang='lat' dir='ltr'><strong>ad</strong></span> <span class='ocrx_word' id='word_1_23' title='bbox 474 544 732 630; x_wconf 76' lang='lat' dir='ltr'><strong>magnitudinem</strong></span> <span class='ocrx_word' id='word_1_24' title='bbox 759 547 851 609; x_wconf 88' lang='lat' dir='ltr'><strong>tuam</strong></span> <span class='ocrx_word' id='word_1_25' title='bbox 877 545 1003 628; x_wconf 89' lang='lat' dir='ltr'><strong>primus</strong></span> <span class='ocrx_word' id='word_1_26' title='bbox 1027 544 1081 609; x_wconf 85' lang='lat' dir='ltr'><strong>ad·</strong></span> 
     </span>
     <span class='ocr_line' id='line_1_5' title="bbox 60 632 1081 720; baseline -0.004 -20"><span class='ocrx_word' id='word_1_27' title='bbox 60 637 179 720; x_wconf 85' lang='lat' dir='ltr'><strong>feram,</strong></span> <span class='ocrx_word' id='word_1_28' title='bbox 212 655 294 718; x_wconf 87' lang='lat' dir='ltr'><strong>quae</strong></span> <span class='ocrx_word' id='word_1_29' title='bbox 322 633 384 698; x_wconf 90' lang='lat' dir='ltr'><strong>tibi</strong></span> <span class='ocrx_word' id='word_1_30' title='bbox 413 653 508 716; x_wconf 90' lang='lat' dir='ltr'><strong>spero</strong></span> <span class='ocrx_word' id='word_1_31' title='bbox 534 632 690 717; x_wconf 84' lang='lat' dir='ltr'><strong>placebit,</strong></span> <span class='ocrx_word' id='word_1_32' title='bbox 722 633 751 697; x_wconf 88' lang='lat' dir='ltr'><strong>si</strong></span> <span class='ocrx_word' id='word_1_33' title='bbox 777 632 920 718; x_wconf 89' lang='lat' dir='ltr'><strong>primum</strong></span> <span class='ocrx_word' id='word_1_34' title='bbox 949 632 1081 698; x_wconf 88' lang='lat' dir='ltr'><strong>cotidia-</strong></span> 
     </span>
     <span class='ocr_line' id='line_1_6' title="bbox 60 720 1106 790; baseline -0.012 0"><span class='ocrx_word' id='word_1_35' title='bbox 60 746 139 790; x_wconf 91' lang='lat' dir='ltr'><strong>nam</strong></span> <span class='ocrx_word' id='word_1_36' title='bbox 161 723 374 788; x_wconf 84' lang='lat' dir='ltr'><strong>metationem</strong></span> <span class='ocrx_word' id='word_1_37' title='bbox 396 720 564 786; x_wconf 73' lang='lat' dir='ltr'><strong>tractabis.</strong></span> <span class='ocrx_word' id='word_1_38' title='bbox 1093 736 1106 777; x_wconf 80' lang='lat' dir='ltr'><strong>s</strong></span> 
     </span>
    </p>

    <p class='ocr_par' dir='ltr' id='par_1_3' title="bbox 62 809 1176 1160">
     <span class='ocr_line' id='line_1_7' title="bbox 151 809 1081 895; baseline -0.003 -19"><span class='ocrx_word' id='word_1_39' title='bbox 151 813 205 876; x_wconf 85' lang='lat'><strong>48.</strong></span> <span class='ocrx_word' id='word_1_40' title='bbox 227 809 323 876; x_wconf 89' lang='lat' dir='ltr'><strong>Nunc</strong></span> <span class='ocrx_word' id='word_1_41' title='bbox 344 809 560 876; x_wconf 89' lang='lat' dir='ltr'><strong>munitionem</strong></span> <span class='ocrx_word' id='word_1_42' title='bbox 578 812 760 895; x_wconf 87' lang='lat' dir='ltr'><strong>castrorum</strong></span> <span class='ocrx_word' id='word_1_43' title='bbox 782 810 975 894; x_wconf 87' lang='lat' dir='ltr'><strong>etreliqua,</strong></span> <span class='ocrx_word' id='word_1_44' title='bbox 999 830 1081 892; x_wconf 89' lang='lat' dir='ltr'><strong>quae</strong></span> 
     </span>
     <span class='ocr_line' id='line_1_8' title="bbox 62 893 1176 985; baseline 0 -21"><span class='ocrx_word' id='word_1_45' title='bbox 62 900 211 985; x_wconf 86' lang='lat' dir='ltr'><strong>pluribus</strong></span> <span class='ocrx_word' id='word_1_46' title='bbox 244 901 392 964; x_wconf 73' lang='lat' dir='ltr'><strong>auctores</strong></span> <span class='ocrx_word' id='word_1_47' title='bbox 422 899 634 982; x_wconf 86' lang='lat' dir='ltr'><strong>scripserunt,</strong></span> <span class='ocrx_word' id='word_1_48' title='bbox 666 897 810 963; x_wconf 75' lang='lat' dir='ltr'><strong>breviter</strong></span> <span class='ocrx_word' id='word_1_49' title='bbox 840 897 1050 982; x_wconf 86' lang='lat' dir='ltr'><strong>perferamus.</strong></span> <span class='ocrx_word' id='word_1_50' title='bbox 1076 893 1176 984; x_wconf 71' lang='lat' dir='ltr'><strong>lluoa2</strong></span> 
     </span>
     <span class='ocr_line' id='line_1_9' title="bbox 62 984 1083 1071; baseline -0.003 -18"><span class='ocrx_word' id='word_1_51' title='bbox 62 986 208 1053; x_wconf 89' lang='lat' dir='ltr'><strong>Munitio</strong></span> <span class='ocrx_word' id='word_1_52' title='bbox 245 986 452 1052; x_wconf 79' lang='lat' dir='ltr'><strong>aestivalium</strong></span> <span class='ocrx_word' id='word_1_53' title='bbox 489 984 682 1051; x_wconf 82' lang='lat' dir='ltr'><strong>observatur</strong></span> <span class='ocrx_word' id='word_1_54' title='bbox 718 987 892 1071; x_wconf 86' lang='lat' dir='ltr'><strong>generibus</strong></span> <span class='ocrx_word' id='word_1_55' title='bbox 927 987 1083 1071; x_wconf 88' lang='lat' dir='ltr'><strong>quinque:</strong></span> 
     </span>
     <span class='ocr_line' id='line_1_10' title="bbox 65 1074 736 1160; baseline -0.003 -19"><span class='ocrx_word' id='word_1_56' title='bbox 65 1077 164 1160; x_wconf 83' lang='lat' dir='ltr'><strong>fossa,</strong></span> <span class='ocrx_word' id='word_1_57' title='bbox 186 1075 282 1159; x_wconf 84' lang='lat' dir='ltr'><strong>vallo,</strong></span> <span class='ocrx_word' id='word_1_58' title='bbox 304 1074 452 1159; x_wconf 76' lang='lat' dir='ltr'><strong>servolis,</strong></span> <span class='ocrx_word' id='word_1_59' title='bbox 475 1074 584 1158; x_wconf 87' lang='lat' dir='ltr'><strong>armis,</strong></span> <span class='ocrx_word' id='word_1_60' title='bbox 607 1095 736 1160; x_wconf 85' lang='lat' dir='ltr'><strong>aggere.</strong></span> 
     </span>
    </p>

    <p class='ocr_par' dir='ltr' id='par_1_4' title="bbox 62 1162 1177 2044">
     <span class='ocr_line' id='line_1_11' title="bbox 153 1162 1124 1247; baseline -0.003 -18"><span class='ocrx_word' id='word_1_61' title='bbox 153 1166 206 1230; x_wconf 83' lang='lat'><strong>49.</strong></span> <span class='ocrx_word' id='word_1_62' title='bbox 227 1163 332 1230; x_wconf 83' lang='lat' dir='ltr'><strong>Fossa</strong></span> <span class='ocrx_word' id='word_1_63' title='bbox 353 1163 425 1228; x_wconf 89' lang='lat' dir='ltr'><strong>loco</strong></span> <span class='ocrx_word' id='word_1_64' title='bbox 455 1162 609 1227; x_wconf 79' lang='lat' dir='ltr'><strong>securiori</strong></span> <span class='ocrx_word' id='word_1_65' title='bbox 637 1183 735 1228; x_wconf 87' lang='lat' dir='ltr'><strong>causa</strong></span> <span class='ocrx_word' id='word_1_66' title='bbox 758 1163 964 1247; x_wconf 84' lang='lat' dir='ltr'><strong>disciplinae,</strong></span> <span class='ocrx_word' id='word_1_67' title='bbox 992 1162 1124 1227; x_wconf 85' lang='lat' dir='ltr'><strong>cuius1⁰</strong></span> 
     </span>
     <span class='ocr_line' id='line_1_12' title="bbox 63 1250 1083 1338; baseline -0.004 -19"><span class='ocrx_word' id='word_1_68' title='bbox 63 1253 189 1338; x_wconf 86' lang='lat' dir='ltr'><strong>species</strong></span> <span class='ocrx_word' id='word_1_69' title='bbox 221 1256 271 1318; x_wconf 86' lang='lat' dir='ltr'><strong>est</strong></span> <span class='ocrx_word' id='word_1_70' title='bbox 301 1251 461 1336; x_wconf 84' lang='lat' dir='ltr'><strong>fastigata</strong></span> <span class='ocrx_word' id='word_1_71' title='bbox 492 1251 544 1315; x_wconf 78' lang='lat' dir='ltr'><strong>rel</strong></span> <span class='ocrx_word' id='word_1_72' title='bbox 573 1251 702 1335; x_wconf 87' lang='lat' dir='ltr'><strong>punica.</strong></span> <span class='ocrx_word' id='word_1_73' title='bbox 752 1251 924 1336; x_wconf 84' lang='lat' dir='ltr'><strong>Fastigata</strong></span> <span class='ocrx_word' id='word_1_74' title='bbox 956 1250 1083 1335; x_wconf 89' lang='lat' dir='ltr'><strong>dieitur,</strong></span> 
     </span>
     <span class='ocr_line' id='line_1_13' title="bbox 62 1338 1082 1426; baseline -0.003 -19"><span class='ocrx_word' id='word_1_75' title='bbox 62 1362 146 1426; x_wconf 87' lang='lat' dir='ltr'><strong>quas</strong></span> <span class='ocrx_word' id='word_1_76' title='bbox 174 1363 194 1406; x_wconf 87' lang='lat' dir='ltr'><strong>a</strong></span> <span class='ocrx_word' id='word_1_77' title='bbox 222 1361 348 1406; x_wconf 88' lang='lat' dir='ltr'><strong>summa</strong></span> <span class='ocrx_word' id='word_1_78' title='bbox 375 1339 548 1405; x_wconf 88' lang='lat' dir='ltr'><strong>latitudine</strong></span> <span class='ocrx_word' id='word_1_79' title='bbox 576 1338 734 1405; x_wconf 87' lang='lat' dir='ltr'><strong>lateribus</strong></span> <span class='ocrx_word' id='word_1_80' title='bbox 761 1340 891 1405; x_wconf 82' lang='lat' dir='ltr'><strong>deveris</strong></span> <span class='ocrx_word' id='word_1_81' title='bbox 919 1339 955 1404; x_wconf 90' lang='lat' dir='ltr'><strong>in</strong></span> <span class='ocrx_word' id='word_1_82' title='bbox 982 1360 1082 1424; x_wconf 90' lang='lat' dir='ltr'><strong>angu-</strong></span> 
     </span>
     <span class='ocr_line' id='line_1_14' title="bbox 64 1427 1083 1512; baseline -0.003 -17"><span class='ocrx_word' id='word_1_83' title='bbox 64 1431 163 1495; x_wconf 87' lang='lat' dir='ltr'><strong>stiam</strong></span> <span class='ocrx_word' id='word_1_84' title='bbox 191 1428 232 1493; x_wconf 89' lang='lat' dir='ltr'><strong>ad</strong></span> <span class='ocrx_word' id='word_1_85' title='bbox 263 1429 368 1493; x_wconf 89' lang='lat' dir='ltr'><strong>solum</strong></span> <span class='ocrx_word' id='word_1_86' title='bbox 397 1427 572 1492; x_wconf 86' lang='lat' dir='ltr'><strong>coniuncta</strong></span> <span class='ocrx_word' id='word_1_87' title='bbox 599 1430 756 1511; x_wconf 88' lang='lat' dir='ltr'><strong>pervenit.</strong></span> <span class='ocrx_word' id='word_1_88' title='bbox 805 1427 929 1494; x_wconf 88' lang='lat' dir='ltr'><strong>Punica</strong></span> <span class='ocrx_word' id='word_1_89' title='bbox 956 1428 1083 1512; x_wconf 88' lang='lat' dir='ltr'><strong>dicitur,</strong></span> 
     </span>
     <span class='ocr_line' id='line_1_15' title="bbox 64 1514 1081 1603; baseline -0.003 -21"><span class='ocrx_word' id='word_1_90' title='bbox 64 1540 149 1603; x_wconf 88' lang='lat' dir='ltr'><strong>quae</strong></span> <span class='ocrx_word' id='word_1_91' title='bbox 171 1518 272 1582; x_wconf 88' lang='lat' dir='ltr'><strong>latere</strong></span> <span class='ocrx_word' id='word_1_92' title='bbox 292 1516 442 1582; x_wconf 87' lang='lat' dir='ltr'><strong>exteriori</strong></span> <span class='ocrx_word' id='word_1_93' title='bbox 461 1516 502 1581; x_wconf 90' lang='lat' dir='ltr'><strong>ad</strong></span> <span class='ocrx_word' id='word_1_94' title='bbox 520 1516 786 1599; x_wconf 86' lang='lat' dir='ltr'><strong>perpendiculum</strong></span> <span class='ocrx_word' id='word_1_95' title='bbox 805 1516 965 1602; x_wconf 80' lang='lat' dir='ltr'><strong>dirigitur.</strong></span> <span class='ocrx_word' id='word_1_96' title='bbox 998 1514 1081 1580; x_wconf 82' lang='lat' dir='ltr'><strong>Ocn-</strong></span> 
     </span>
     <span class='ocr_line' id='line_1_16' title="bbox 62 1602 1122 1690; baseline -0.003 -20"><span class='ocrx_word' id='word_1_97' title='bbox 62 1606 201 1670; x_wconf 86' lang='lat' dir='ltr'><strong>trarium</strong></span> <span class='ocrx_word' id='word_1_98' title='bbox 225 1606 381 1670; x_wconf 85' lang='lat' dir='ltr'><strong>devexum</strong></span> <span class='ocrx_word' id='word_1_99' title='bbox 407 1604 460 1687; x_wconf 84' lang='lat' dir='ltr'><strong>fit,</strong></span> <span class='ocrx_word' id='word_1_100' title='bbox 492 1604 654 1688; x_wconf 89' lang='lat' dir='ltr'><strong>quomodo</strong></span> <span class='ocrx_word' id='word_1_101' title='bbox 686 1607 721 1670; x_wconf 89' lang='lat' dir='ltr'><strong>in</strong></span> <span class='ocrx_word' id='word_1_102' title='bbox 747 1604 913 1690; x_wconf 87' lang='lat' dir='ltr'><strong>fastigata.</strong></span> <span class='ocrx_word' id='word_1_103' title='bbox 960 1602 1081 1679; x_wconf 80' lang='lat' dir='ltr'><strong>Quibus</strong></span> <span class='ocrx_word' id='word_1_104' title='bbox 1096 1618 1122 1660; x_wconf 80' lang='lat'><strong>15</strong></span> 
     </span>
     <span class='ocr_line' id='line_1_17' title="bbox 62 1691 1083 1778; baseline -0.002 -20"><span class='ocrx_word' id='word_1_105' title='bbox 62 1694 204 1760; x_wconf 86' lang='lat' dir='ltr'><strong>latitudo</strong></span> <span class='ocrx_word' id='word_1_106' title='bbox 239 1692 310 1758; x_wconf 88' lang='lat' dir='ltr'><strong>dari</strong></span> <span class='ocrx_word' id='word_1_107' title='bbox 342 1693 459 1758; x_wconf 90' lang='lat' dir='ltr'><strong>debeat</strong></span> <span class='ocrx_word' id='word_1_108' title='bbox 491 1691 533 1756; x_wconf 92' lang='lat' dir='ltr'><strong>ad</strong></span> <span class='ocrx_word' id='word_1_109' title='bbox 565 1693 734 1759; x_wconf 89' lang='lat' dir='ltr'><strong>minimum</strong></span> <span class='ocrx_word' id='word_1_110' title='bbox 773 1692 893 1778; x_wconf 88' lang='lat' dir='ltr'><strong>pedum</strong></span> <span class='ocrx_word' id='word_1_111' title='bbox 928 1692 1083 1778; x_wconf 82' lang='lat' dir='ltr'><strong>quinque3</strong></span> 
     </span>
     <span class='ocr_line' id='line_1_18' title="bbox 64 1779 1082 1867; baseline -0.002 -20"><span class='ocrx_word' id='word_1_112' title='bbox 64 1783 168 1848; x_wconf 88' lang='lat' dir='ltr'><strong>altum</strong></span> <span class='ocrx_word' id='word_1_113' title='bbox 198 1782 296 1867; x_wconf 89' lang='lat' dir='ltr'><strong>pedes</strong></span> <span class='ocrx_word' id='word_1_114' title='bbox 328 1784 405 1847; x_wconf 88' lang='lat' dir='ltr'><strong>tres.</strong></span> <span class='ocrx_word' id='word_1_115' title='bbox 454 1779 625 1867; x_wconf 87' lang='lat' dir='ltr'><strong>Regressis</strong></span> <span class='ocrx_word' id='word_1_116' title='bbox 656 1781 793 1866; x_wconf 89' lang='lat' dir='ltr'><strong>pedibus</strong></span> <span class='ocrx_word' id='word_1_117' title='bbox 826 1781 965 1847; x_wconf 82' lang='lat' dir='ltr'><strong>exterius</strong></span> <span class='ocrx_word' id='word_1_118' title='bbox 993 1801 1082 1846; x_wconf 85' lang='lat' dir='ltr'><strong>sexa·</strong></span> 
     </span>
     <span class='ocr_line' id='line_1_19' title="bbox 64 1869 1177 1956; baseline 0.004 -21"><span class='ocrx_word' id='word_1_119' title='bbox 64 1871 159 1956; x_wconf 80' lang='lat' dir='ltr'><strong>ginta</strong></span> <span class='ocrx_word' id='word_1_120' title='bbox 185 1892 242 1955; x_wconf 86' lang='lat' dir='ltr'><strong>per</strong></span> <span class='ocrx_word' id='word_1_121' title='bbox 269 1869 475 1935; x_wconf 85' lang='lat' dir='ltr'><strong>latitudinem</strong></span> <span class='ocrx_word' id='word_1_122' title='bbox 507 1873 676 1953; x_wconf 84' lang='lat' dir='ltr'><strong>portarum</strong></span> <span class='ocrx_word' id='word_1_123' title='bbox 705 1870 856 1935; x_wconf 90' lang='lat' dir='ltr'><strong>similiter</strong></span> <span class='ocrx_word' id='word_1_124' title='bbox 882 1870 971 1936; x_wconf 84' lang='lat' dir='ltr'><strong>fossa</strong></span> <span class='ocrx_word' id='word_1_125' title='bbox 992 1872 996 1949; x_wconf 94' lang='grc' dir='ltr'>Ι</span> <span class='ocrx_word' id='word_1_126' title='bbox 1016 1869 1177 1955; x_wconf 75' lang='lat' dir='ltr'><strong>fietlaoa,</strong></span> 
     </span>
     <span class='ocr_line' id='line_1_20' title="bbox 63 1958 1051 2044; baseline -0.004 -18"><span class='ocrx_word' id='word_1_127' title='bbox 63 1959 151 2044; x_wconf 83' lang='lat' dir='ltr'><strong>quod</strong></span> <span class='ocrx_word' id='word_1_128' title='bbox 173 1962 308 2042; x_wconf 87' lang='lat' dir='ltr'><strong>propter</strong></span> <span class='ocrx_word' id='word_1_129' title='bbox 330 1958 524 2024; x_wconf 83' lang='lat' dir='ltr'><strong>brevitatem</strong></span> <span class='ocrx_word' id='word_1_130' title='bbox 546 1958 680 2023; x_wconf 85' lang='lat' dir='ltr'><strong>titulum</strong></span> <span class='ocrx_word' id='word_1_131' title='bbox 702 1959 971 2044; x_wconf 88' lang='lat' dir='ltr'><strong>cognominatum</strong></span> <span class='ocrx_word' id='word_1_132' title='bbox 993 1961 1051 2023; x_wconf 88' lang='lat' dir='ltr'><strong>est</strong></span> 
     </span>
    </p>

    <p class='ocr_par' dir='ltr' id='par_1_5' title="bbox 64 2045 1124 2485">
     <span class='ocr_line' id='line_1_21' title="bbox 154 2045 1124 2131; baseline -0.002 -19"><span class='ocrx_word' id='word_1_133' title='bbox 154 2047 206 2112; x_wconf 83' lang='lat'><strong>50.</strong></span> <span class='ocrx_word' id='word_1_134' title='bbox 233 2045 366 2112; x_wconf 86' lang='lat' dir='ltr'><strong>Vallum</strong></span> <span class='ocrx_word' id='word_1_135' title='bbox 394 2046 467 2112; x_wconf 88' lang='lat' dir='ltr'><strong>loeo</strong></span> <span class='ocrx_word' id='word_1_136' title='bbox 494 2047 686 2130; x_wconf 87' lang='lat' dir='ltr'><strong>suspectiori</strong></span> <span class='ocrx_word' id='word_1_137' title='bbox 713 2048 819 2113; x_wconf 88' lang='lat' dir='ltr'><strong>extrui</strong></span> <span class='ocrx_word' id='word_1_138' title='bbox 843 2047 940 2112; x_wconf 88' lang='lat' dir='ltr'><strong>debet</strong></span> <span class='ocrx_word' id='word_1_139' title='bbox 961 2047 1082 2131; x_wconf 83' lang='lat' dir='ltr'><strong>cespite</strong></span> <span class='ocrx_word' id='word_1_140' title='bbox 1096 2062 1124 2103; x_wconf 75' lang='lat'><strong>2⁰</strong></span> 
     </span>
     <span class='ocr_line' id='line_1_22' title="bbox 65 2134 1082 2220; baseline -0.003 -19"><span class='ocrx_word' id='word_1_141' title='bbox 65 2139 124 2201; x_wconf 85' lang='lat' dir='ltr'><strong>aut</strong></span> <span class='ocrx_word' id='word_1_142' title='bbox 146 2135 264 2220; x_wconf 84' lang='lat' dir='ltr'><strong>lapide,</strong></span> <span class='ocrx_word' id='word_1_143' title='bbox 289 2156 367 2200; x_wconf 87' lang='lat' dir='ltr'><strong>saxo</strong></span> <span class='ocrx_word' id='word_1_144' title='bbox 391 2135 459 2200; x_wconf 88' lang='lat' dir='ltr'><strong>sive</strong></span> <span class='ocrx_word' id='word_1_145' title='bbox 481 2138 662 2200; x_wconf 87' lang='lat' dir='ltr'><strong>caemento.</strong></span> <span class='ocrx_word' id='word_1_146' title='bbox 708 2134 835 2201; x_wconf 85' lang='lat' dir='ltr'><strong>Sufficit</strong></span> <span class='ocrx_word' id='word_1_147' title='bbox 858 2135 961 2200; x_wconf 90' lang='lat' dir='ltr'><strong>latum</strong></span> <span class='ocrx_word' id='word_1_148' title='bbox 983 2134 1082 2218; x_wconf 89' lang='lat' dir='ltr'><strong>pedes</strong></span> 
     </span>
     <span class='ocr_line' id='line_1_23' title="bbox 65 2218 1083 2309; baseline -0.002 -21"><span class='ocrx_word' id='word_1_149' title='bbox 65 2221 163 2308; x_wconf 86' lang='lat' dir='ltr'>VIII,</span> <span class='ocrx_word' id='word_1_150' title='bbox 195 2224 300 2288; x_wconf 87' lang='lat' dir='ltr'><strong>altum</strong></span> <span class='ocrx_word' id='word_1_151' title='bbox 326 2224 424 2307; x_wconf 88' lang='lat' dir='ltr'><strong>pedes</strong></span> <span class='ocrx_word' id='word_1_152' title='bbox 446 2221 508 2309; x_wconf 78' lang='lat' dir='ltr'><strong>V13</strong></span> <span class='ocrx_word' id='word_1_153' title='bbox 531 2225 564 2286; x_wconf 95' lang='lat' dir='ltr'><strong>et</strong></span> <span class='ocrx_word' id='word_1_154' title='bbox 585 2222 689 2289; x_wconf 88' lang='lat' dir='ltr'><strong>lorica</strong></span> <span class='ocrx_word' id='word_1_155' title='bbox 710 2218 880 2307; x_wconf 57' lang='lat' dir='ltr'><strong>parva&#39;fit.</strong></span> <span class='ocrx_word' id='word_1_156' title='bbox 926 2220 1083 2287; x_wconf 84' lang='lat' dir='ltr'><strong>Similiter</strong></span> 
     </span>
     <span class='ocr_line' id='line_1_24' title="bbox 64 2308 1082 2396; baseline -0.001 -19"><span class='ocrx_word' id='word_1_157' title='bbox 64 2315 142 2378; x_wconf 89' lang='lat' dir='ltr'><strong>antc</strong></span> <span class='ocrx_word' id='word_1_158' title='bbox 170 2315 284 2396; x_wconf 89' lang='lat' dir='ltr'><strong>portas</strong></span> <span class='ocrx_word' id='word_1_159' title='bbox 305 2314 344 2376; x_wconf 88' lang='lat' dir='ltr'><strong>ut</strong></span> <span class='ocrx_word' id='word_1_160' title='bbox 365 2311 513 2394; x_wconf 86' lang='lat' dir='ltr'><strong>titulum,</strong></span> <span class='ocrx_word' id='word_1_161' title='bbox 544 2314 595 2376; x_wconf 88' lang='lat' dir='ltr'><strong>est</strong></span> <span class='ocrx_word' id='word_1_162' title='bbox 616 2311 706 2377; x_wconf 87' lang='lat' dir='ltr'><strong>fossa</strong></span> <span class='ocrx_word' id='word_1_163' title='bbox 732 2312 773 2378; x_wconf 90' lang='lat' dir='ltr'><strong>ad</strong></span> <span class='ocrx_word' id='word_1_164' title='bbox 795 2313 929 2378; x_wconf 86' lang='lat' dir='ltr'><strong>vallum.</strong></span> <span class='ocrx_word' id='word_1_165' title='bbox 975 2308 1082 2377; x_wconf 76' lang='lat' dir='ltr'><strong>(lausa</strong></span> 
     </span>
     <span class='ocr_line' id='line_1_25' title="bbox 65 2400 836 2485; baseline 0.003 -21"><span class='ocrx_word' id='word_1_166' title='bbox 65 2400 291 2466; x_wconf 84' lang='lat' dir='ltr'><strong>instructionis</strong></span> <span class='ocrx_word' id='word_1_167' title='bbox 314 2403 464 2465; x_wconf 87' lang='lat' dir='ltr'><strong>sanctum</strong></span> <span class='ocrx_word' id='word_1_168' title='bbox 487 2401 538 2463; x_wconf 88' lang='lat' dir='ltr'><strong>cst</strong></span> <span class='ocrx_word' id='word_1_169' title='bbox 560 2401 836 2485; x_wconf 87' lang='lat' dir='ltr'><strong>cognominatum.</strong></span> 
     </span>
    </p>
   </div>
   <div class='ocr_carea' id='block_1_3' title="bbox 60 2585 1082 2753">
    <p class='ocr_par' dir='ltr' id='par_1_6' title="bbox 60 2585 1082 2753">
     <span class='ocr_line' id='line_1_26' title="bbox 66 2585 1082 2698; baseline 0 -18"><span class='ocrx_word' id='word_1_170' title='bbox 66 2628 142 2698; x_wconf 76' lang='lat'><strong>177</strong></span> <span class='ocrx_word' id='word_1_171' title='bbox 156 2585 316 2696; x_wconf 61' lang='lat' dir='ltr'><strong>pertinentem</strong></span> <span class='ocrx_word' id='word_1_172' title='bbox 327 2624 470 2679; x_wconf 82' lang='lat' dir='ltr'><strong>intentato</strong></span> <span class='ocrx_word' id='word_1_173' title='bbox 516 2624 691 2680; x_wconf 66' lang='lat' dir='ltr'><strong>uelaborabi</strong></span> <span class='ocrx_word' id='word_1_174' title='bbox 740 2626 876 2696; x_wconf 86' lang='lat' dir='ltr'><strong>3primos</strong></span> <span class='ocrx_word' id='word_1_175' title='bbox 919 2625 1082 2682; x_wconf 70' lang='lat' dir='ltr'><strong>tcottidia</strong></span> 
     </span>
     <span class='ocr_line' id='line_1_27' title="bbox 60 2693 1082 2753; baseline 0 -2"><span class='ocrx_word' id='word_1_176' title='bbox 60 2711 130 2751; x_wconf 85' lang='lat' dir='ltr'><strong>nam</strong></span> <span class='ocrx_word' id='word_1_177' title='bbox 183 2694 351 2752; x_wconf 67' lang='lat' dir='ltr'><strong>tauctorib.</strong></span> <span class='ocrx_word' id='word_1_178' title='bbox 363 2693 535 2750; x_wconf 87' lang='lat' dir='ltr'><strong>scribserunt</strong></span> <span class='ocrx_word' id='word_1_179' title='bbox 547 2694 671 2752; x_wconf 84' lang='lat' dir='ltr'><strong>brebiter</strong></span> <span class='ocrx_word' id='word_1_180' title='bbox 725 2697 938 2753; x_wconf 88' lang='lat' dir='ltr'><strong>8munitionem</strong></span> <span class='ocrx_word' id='word_1_181' title='bbox 956 2697 1082 2752; x_wconf 87' lang='lat' dir='ltr'><strong>extinua·</strong></span> 
     </span>
    </p>
   </div>
   <div class='ocr_carea' id='block_1_4' title="bbox 63 2780 1082 2891">
    <p class='ocr_par' dir='ltr' id='par_1_7' title="bbox 63 2780 1082 2891">
     <span class='ocr_line' id='line_1_28' title="bbox 63 2780 1082 2891; baseline 0.001 -17"><span class='ocrx_word' id='word_1_182' title='bbox 63 2819 136 2874; x_wconf 91' lang='lat' dir='ltr'><strong>lium</strong></span> <span class='ocrx_word' id='word_1_183' title='bbox 207 2780 283 2888; x_wconf 65' lang='lat' dir='ltr'><strong>quid.</strong></span> <span class='ocrx_word' id='word_1_184' title='bbox 357 2818 464 2873; x_wconf 83' lang='lat' dir='ltr'><strong>eballo</strong></span> <span class='ocrx_word' id='word_1_185' title='bbox 479 2819 591 2889; x_wconf 87' lang='lat' dir='ltr'><strong>agmine</strong></span> <span class='ocrx_word' id='word_1_186' title='bbox 609 2820 758 2891; x_wconf 85' lang='lat' dir='ltr'><strong>agremmis</strong></span> <span class='ocrx_word' id='word_1_187' title='bbox 777 2821 910 2879; x_wconf 64' lang='lat' dir='ltr'><strong>scendet</strong></span> <span class='ocrx_word' id='word_1_188' title='bbox 928 2827 953 2876; x_wconf 79' lang='lat' dir='ltr'><strong>ct</strong></span> <span class='ocrx_word' id='word_1_189' title='bbox 972 2821 1082 2876; x_wconf 80' lang='lat' dir='ltr'><strong>addidit</strong></span> 
     </span>
    </p>
   </div>
   <div class='ocr_carea' id='block_1_5' title="bbox 63 2889 1080 3002">
    <p class='ocr_par' dir='ltr' id='par_1_8' title="bbox 63 2889 1080 3002">
     <span class='ocr_line' id='line_1_29' title="bbox 63 2889 1080 3002; baseline 0 -56"><span class='ocrx_word' id='word_1_190' title='bbox 63 2896 128 2946; x_wconf 77' lang='lat' dir='ltr'><strong>cate</strong></span> <span class='ocrx_word' id='word_1_191' title='bbox 146 2889 231 2944; x_wconf 89' lang='lat' dir='ltr'><strong>armis</strong></span> <span class='ocrx_word' id='word_1_192' title='bbox 247 2889 388 3002; x_wconf 34' lang='lat' dir='ltr'><strong>laeeervolis</strong></span> <span class='ocrx_word' id='word_1_193' title='bbox 448 2897 483 2944; x_wconf 90' lang='lat'><strong>10</strong></span> <span class='ocrx_word' id='word_1_194' title='bbox 497 2890 645 2947; x_wconf 88' lang='lat' dir='ltr'><strong>securioris</strong></span> <span class='ocrx_word' id='word_1_195' title='bbox 660 2907 761 2946; x_wconf 87' lang='lat' dir='ltr'><strong>causae</strong></span> <span class='ocrx_word' id='word_1_196' title='bbox 774 2890 924 2961; x_wconf 88' lang='lat' dir='ltr'><strong>discipline</strong></span> <span class='ocrx_word' id='word_1_197' title='bbox 939 2907 1008 2948; x_wconf 80' lang='lat' dir='ltr'><strong>corr.</strong></span> <span class='ocrx_word' id='word_1_198' title='bbox 1019 2890 1080 2947; x_wconf 79' lang='lat' dir='ltr'><strong>Sela</strong></span> 
     </span>
     <span class='ocr_line' id='line_1_30' title="bbox 230 2973 314 3002; baseline 0 0"><span class='ocrx_word' id='word_1_199' title='bbox 230 2973 255 3002; x_wconf 75' lang='grc' dir='ltr'><strong>ΘΙ</strong></span> <span class='ocrx_word' id='word_1_200' title='bbox 302 2973 314 3002; x_wconf 81' lang='grc' dir='ltr'>Ι</span> 
     </span>
    </p>
   </div>
   <div class='ocr_carea' id='block_1_6' title="bbox 62 3011 1082 3266">
    <p class='ocr_par' dir='ltr' id='par_1_9' title="bbox 62 3011 1082 3266">
     <span class='ocr_line' id='line_1_31' title="bbox 100 3011 1041 3085; baseline 0.003 -17"><span class='ocrx_word' id='word_1_201' title='bbox 100 3021 132 3069; x_wconf 85' lang='grc'><strong>11</strong></span> <span class='ocrx_word' id='word_1_202' title='bbox 149 3013 258 3085; x_wconf 88' lang='lat' dir='ltr'><strong>species</strong></span> <span class='ocrx_word' id='word_1_203' title='bbox 276 3011 399 3083; x_wconf 81' lang='lat' dir='ltr'><strong>fatigata</strong></span> <span class='ocrx_word' id='word_1_204' title='bbox 471 3021 504 3069; x_wconf 87' lang='grc'><strong>12</strong></span> <span class='ocrx_word' id='word_1_205' title='bbox 521 3031 657 3069; x_wconf 89' lang='lat' dir='ltr'><strong>summam</strong></span> <span class='ocrx_word' id='word_1_206' title='bbox 675 3013 856 3069; x_wconf 85' lang='lat' dir='ltr'><strong>latitudinem</strong></span> <span class='ocrx_word' id='word_1_207' title='bbox 927 3013 1041 3071; x_wconf 77' lang='lat' dir='ltr'><strong>deberis</strong></span> 
     </span>
     <span class='ocr_line' id='line_1_32' title="bbox 65 3083 1082 3156; baseline 0.001 -17"><span class='ocrx_word' id='word_1_208' title='bbox 65 3090 97 3140; x_wconf 87' lang='grc'><strong>13</strong></span> <span class='ocrx_word' id='word_1_209' title='bbox 112 3084 240 3140; x_wconf 87' lang='lat' dir='ltr'><strong>tedolum</strong></span> <span class='ocrx_word' id='word_1_210' title='bbox 259 3083 392 3141; x_wconf 72' lang='lat' dir='ltr'><strong>coaudct</strong></span> <span class='ocrx_word' id='word_1_211' title='bbox 452 3085 623 3156; x_wconf 80' lang='lat' dir='ltr'><strong>perveniunt</strong></span> <span class='ocrx_word' id='word_1_212' title='bbox 677 3091 710 3141; x_wconf 83' lang='lat'><strong>14</strong></span> <span class='ocrx_word' id='word_1_213' title='bbox 724 3085 808 3141; x_wconf 88' lang='lat' dir='ltr'><strong>lateri</strong></span> <span class='ocrx_word' id='word_1_214' title='bbox 863 3091 896 3141; x_wconf 84' lang='lat'><strong>15</strong></span> <span class='ocrx_word' id='word_1_215' title='bbox 911 3085 949 3155; x_wconf 86' lang='lat' dir='ltr'><strong>sit</strong></span> <span class='ocrx_word' id='word_1_216' title='bbox 963 3085 1037 3155; x_wconf 90' lang='lat' dir='ltr'><strong>quod</strong></span> <span class='ocrx_word' id='word_1_217' title='bbox 1051 3085 1082 3140; x_wconf 91' lang='lat' dir='ltr'><strong>in</strong></span> 
     </span>
     <span class='ocr_line' id='line_1_33' title="bbox 62 3154 1081 3266; baseline 0 -57"><span class='ocrx_word' id='word_1_218' title='bbox 62 3154 185 3225; x_wconf 81' lang='lat' dir='ltr'><strong>fatigata</strong></span> <span class='ocrx_word' id='word_1_219' title='bbox 202 3171 270 3212; x_wconf 73' lang='lat' dir='ltr'><strong>cers.</strong></span> <span class='ocrx_word' id='word_1_220' title='bbox 281 3154 336 3266; x_wconf 56' lang='lat' dir='ltr'><strong>scd</strong></span> <span class='ocrx_word' id='word_1_221' title='bbox 395 3156 539 3226; x_wconf 73' lang='lat' dir='ltr'><strong>ltpedem</strong></span> <span class='ocrx_word' id='word_1_222' title='bbox 558 3155 680 3225; x_wconf 89' lang='lat' dir='ltr'><strong>quinque</strong></span> <span class='ocrx_word' id='word_1_223' title='bbox 736 3162 768 3212; x_wconf 88' lang='grc'><strong>19</strong></span> <span class='ocrx_word' id='word_1_224' title='bbox 783 3157 895 3227; x_wconf 87' lang='lat' dir='ltr'><strong>practer</strong></span> <span class='ocrx_word' id='word_1_225' title='bbox 911 3155 1081 3212; x_wconf 83' lang='lat' dir='ltr'><strong>brebitatem</strong></span> 
     </span>
    </p>
   </div>
   <div class='ocr_carea' id='block_1_7' title="bbox 65 3270 1044 3336">
    <p class='ocr_par' dir='ltr' id='par_1_10' title="bbox 65 3270 1044 3336">
     <span class='ocr_line' id='line_1_34' title="bbox 65 3270 1044 3336; baseline -0.002 -2"><span class='ocrx_word' id='word_1_226' title='bbox 65 3284 100 3334; x_wconf 87' lang='grc'><strong>20</strong></span> <span class='ocrx_word' id='word_1_227' title='bbox 113 3277 226 3332; x_wconf 81' lang='lat' dir='ltr'><strong>Bellum</strong></span> <span class='ocrx_word' id='word_1_228' title='bbox 285 3270 366 3332; x_wconf 70' lang='lat' dir='ltr'><strong>anal</strong></span> <span class='ocrx_word' id='word_1_229' title='bbox 426 3285 459 3334; x_wconf 91' lang='grc'><strong>21</strong></span> <span class='ocrx_word' id='word_1_230' title='bbox 476 3296 543 3334; x_wconf 86' lang='lat' dir='ltr'><strong>asxc</strong></span> <span class='ocrx_word' id='word_1_231' title='bbox 561 3279 720 3336; x_wconf 60' lang='lat' dir='ltr'><strong>candorio</strong></span> <span class='ocrx_word' id='word_1_232' title='bbox 792 3280 916 3334; x_wconf 89' lang='lat' dir='ltr'><strong>cimento</strong></span> <span class='ocrx_word' id='word_1_233' title='bbox 970 3277 1044 3332; x_wconf 85' lang='lat' dir='ltr'><strong>latus</strong></span> 
     </span>
    </p>
   </div>
   <div class='ocr_carea' id='block_1_8' title="bbox 64 3363 1200 3543">
    <p class='ocr_par' dir='ltr' id='par_1_11' title="bbox 64 3363 1200 3543">
     <span class='ocr_line' id='line_1_35' title="bbox 64 3363 1200 3473; baseline -0.001 -15"><span class='ocrx_word' id='word_1_234' title='bbox 64 3408 98 3458; x_wconf 91' lang='grc'><strong>22</strong></span> <span class='ocrx_word' id='word_1_235' title='bbox 112 3401 239 3472; x_wconf 86' lang='lat' dir='ltr'><strong>perbesis</strong></span> <span class='ocrx_word' id='word_1_236' title='bbox 258 3401 392 3458; x_wconf 68' lang='lat' dir='ltr'><strong>eoradcle</strong></span> <span class='ocrx_word' id='word_1_237' title='bbox 445 3407 479 3458; x_wconf 84' lang='grc'><strong>23</strong></span> <span class='ocrx_word' id='word_1_238' title='bbox 492 3363 580 3473; x_wconf 81' lang='lat' dir='ltr'><strong>porta¹</strong></span> <span class='ocrx_word' id='word_1_239' title='bbox 593 3405 626 3457; x_wconf 91' lang='lat' dir='ltr'><strong>ut</strong></span> <span class='ocrx_word' id='word_1_240' title='bbox 643 3401 743 3457; x_wconf 87' lang='lat' dir='ltr'><strong>titulus</strong></span> <span class='ocrx_word' id='word_1_241' title='bbox 762 3402 799 3456; x_wconf 88' lang='lat' dir='ltr'><strong>ad</strong></span> <span class='ocrx_word' id='word_1_242' title='bbox 812 3401 903 3458; x_wconf 87' lang='lat' dir='ltr'><strong>fossas</strong></span> <span class='ocrx_word' id='word_1_243' title='bbox 922 3402 959 3458; x_wconf 89' lang='lat' dir='ltr'><strong>ad</strong></span> <span class='ocrx_word' id='word_1_244' title='bbox 972 3401 1082 3457; x_wconf 79' lang='lat' dir='ltr'><strong>badium</strong></span> <span class='ocrx_word' id='word_1_245' title='bbox 1195 3386 1200 3391; x_wconf 45' lang='lat'>¹</span> 
     </span>
     <span class='ocr_line' id='line_1_36' title="bbox 102 3473 778 3543; baseline 0.001 -17"><span class='ocrx_word' id='word_1_246' title='bbox 102 3489 202 3527; x_wconf 86' lang='lat' dir='ltr'><strong>causae</strong></span> <span class='ocrx_word' id='word_1_247' title='bbox 276 3478 311 3527; x_wconf 84' lang='grc'><strong>24</strong></span> <span class='ocrx_word' id='word_1_248' title='bbox 325 3475 451 3528; x_wconf 86' lang='lat' dir='ltr'><strong>sanctam</strong></span> <span class='ocrx_word' id='word_1_249' title='bbox 470 3489 530 3530; x_wconf 89' lang='lat' dir='ltr'><strong>esse</strong></span> <span class='ocrx_word' id='word_1_250' title='bbox 549 3473 778 3543; x_wconf 82' lang='lat' dir='ltr'><strong>cognominatum</strong></span> 
     </span>
    </p>
   </div>
   <div class='ocr_carea' id='block_1_9' title="bbox 0 0 1237 3976">
    <p class='ocr_par' dir='ltr' id='par_1_12' title="bbox 0 0 1237 3976">
     <span class='ocr_line' id='line_1_37' title="bbox 0 0 1237 3976; baseline 0 0"><span class='ocrx_word' id='word_1_251' title='bbox 0 0 1237 3976; x_wconf 95' lang='lat' dir='ltr'><strong> </strong></span> 
     </span>
    </p>
   </div>
  </div>
 </body>
</html>
