2454 3976
89 208 133 274 20
481 239 483 243 ⁴
532 207 666 264 HYGINI

89 375 241 437 tueantur
261 375 293 436 et
312 371 490 438 exercitum
509 371 662 458 gentibus
681 371 878 455 imperatum
896 394 954 438 suo
972 396 1110 441 numero

89 459 249 543 corporali
281 463 318 524 ut
349 483 443 526 muro
471 463 613 525 teneant.
668 459 803 536 Quando
836 463 945 525 autem
979 463 1112 547 supple-

89 550 199 612 menta
221 548 317 632 plura
339 549 475 632 fuerint,
498 549 555 614 ubi
577 569 708 614 necesse
731 551 782 612 est
805 547 949 614 cohortis
972 550 1112 633 pedatu-

90 658 162 700 ram
189 637 375 721 extendere,
408 641 537 702 servata
569 635 743 701 latitudine
772 637 975 722 semistrigii,
1008 639 1112 705 etiam

64 724 171 808 opeda
196 729 362 809 manente,
394 725 443 790 ita
465 724 675 804 mutabimus,
698 729 735 789 ut
759 735 830 808 quis
854 724 917 791 fuit
939 723 1028 792 OXX
1052 750 1112 810 per

92 811 251 897 CLXXX,
284 813 331 878 sic
362 813 407 878 sit
437 810 495 878 XO
526 834 585 897 per
608 809 721 878 OOXL
753 812 788 877 in
820 812 952 878 modum
983 814 1111 882 formae

92 901 273 986 subiectae,
307 902 360 969 vel
386 901 444 967 LX
474 922 533 986 per
563 897 719 986 deunx,
751 900 903 967 similiter
934 905 971 968 ut
1003 903 1113 972 forma

91 989 283 1055 ostenditur.
323 987 418 1054 XXX
441 989 528 1054 enim
549 989 647 1073 pedes
669 985 893 1073 perDOGXX'
909 990 1026 1057 cohors
1045 1015 1112 1058 una

92 1082 242 1162 occupat3
265 1100 359 1162 nunc,
382 1078 533 1163 quotiens
557 1076 697 1142 latitudo
720 1076 912 1162 duplicatur,
934 1078 1111 1164 longitudo

13 1180 81 1251 arbl
91 1166 215 1251 pariter
238 1167 410 1232 minuetur.
431 1169 435 1249 Ι
457 1165 581 1243 Quodsi
600 1165 746 1250 legiones
765 1165 875 1249 plures
891 1168 1110 1250 acceperimus

49 1271 76 1311 11
90 1259 123 1320 et
146 1255 372 1339 supplementa
393 1255 563 1338 pauciora,
593 1257 630 1319 ut
651 1253 871 1319 necessarium
894 1255 938 1318 sit
962 1256 1108 1322 cohortis

89 1343 176 1408 circa
198 1343 322 1408 vallum
346 1343 489 1407 erebrius
509 1362 639 1426 ponere,
663 1342 882 1407 convertimus
903 1343 1110 1427 pedaturam:

90 1430 178 1516 quod
199 1430 299 1495 fuerit
318 1430 429 1517 signis,
451 1430 603 1495 tabulino
623 1431 698 1516 erit3
721 1430 808 1496 nunc
824 1430 1026 1517 semistrigia
1040 1456 1111 1498 mu·

88 1519 233 1584 tabimus
252 1518 379 1584 ratione
402 1521 555 1585 tonsurae
574 1540 660 1583 suae.
692 1517 857 1604 cuiusque
880 1521 1010 1606 generis
1035 1521 1110 1587 sub·

50 1608 234 1674 eiecimus.
266 1607 453 1693 Aliquando
471 1607 599 1673 cohorti
612 1604 665 1672 CL
682 1627 742 1691 per
760 1606 812 1673 CL
831 1607 915 1673 solet
933 1608 1111 1695 adsignari,

91 1697 162 1782 sed,
193 1698 230 1762 in
258 1700 417 1782 quantum
444 1696 515 1761 fieri
541 1698 663 1780 potest,
700 1696 838 1762 devitari
871 1695 967 1762 debet
994 1698 1034 1763 de
1063 1720 1112 1782 eo,

91 1786 177 1870 quod
205 1785 371 1852 centuriae
404 1807 461 1851 suo
494 1785 606 1850 ordine
637 1784 769 1850 tendere
798 1805 865 1850 non
891 1789 1048 1869 poterunt
1079 1791 1111 1851 et

90 1873 249 1958 pedatura
277 1874 422 1939 cohortis
453 1895 518 1938 una
543 1877 639 1957 perte
663 1872 855 1957 nudabitur,
888 1873 973 1938 sieut
1003 1874 1112 1941 forma

91 1962 238 2027 subiecta
261 1964 320 2026 est.
935 1979 938 1983 ·

51 2067 78 2107 2⁰
181 2050 210 2116 3.
241 2048 367 2117 Cohors
390 2050 498 2134 prima
516 2071 613 2115 causa
632 2049 801 2134 signorum
820 2052 853 2113 et
872 2050 1000 2134 aquilae
1023 2051 1111 2117 intra

0 2153 82 2226 ath,
92 2141 179 2207 viam
201 2135 419 2227 flagellariam,
442 2143 475 2204 et
494 2137 647 2223 quoniam
662 2138 795 2222 duplum
813 2159 983 2203 numerum
1001 2139 1113 2225 hahet,

93 2230 224 2314 duplam
246 2228 438 2314 pedaturam
462 2227 609 2310 accipiet,
631 2230 750 2308 utputa
773 2227 875 2309 signis
898 2227 997 2310 pedes
1014 2226 1113 2312 OXX,

92 2317 240 2382 tabulino
268 2315 366 2398 pedes
390 2312 540 2398 codex,
567 2315 619 2379 vel
646 2314 749 2403 signis
772 2311 931 2400 CLXXX,
960 2317 1112 2383 tabulino

92 2404 190 2491 pedes
214 2401 341 2488 ccum
381 2404 506 2470 formae
537 2403 639 2486 ratio,
671 2405 708 2468 ut
739 2401 895 2486 reliquae.
948 2402 1057 2489 Igitur
1084 2406 1113 2470 si

48 2511 79 2552 2⁵
94 2494 240 2578 legiones
263 2492 419 2578 impares,
445 2492 509 2557 hoc
532 2495 583 2556 est
604 2494 671 2556 tres
695 2495 846 2575 acceptae
869 2491 1001 2575 fuerint,
1029 2493 1113 2558 duae

69 2585 72 2590 ’
92 2583 218 2667 primae
240 2580 397 2646 lateribus
421 2579 578 2664 praetorii
606 2579 831 2664 porrigerem
853 2581 926 2645 viae
950 2582 1113 2666 sagularis

95 2792 249 2853 lmeatum
267 2806 337 2847 corr.
351 2789 379 2843 L
433 2787 494 2844 ain
511 2804 590 2843 muro
610 2805 676 2844 sene
696 2804 766 2846 corr.
780 2789 865 2848 Satur.
912 2787 1116 2931 lsffpfimem

93 2864 194 2934 aplura
247 2861 360 2918 cohors
384 2858 516 2916 recedet
570 2859 785 2916 rextenderere
803 2860 898 2917 servat
961 2858 1116 2916 titudinem

94 2951 163 2991 corr.
183 2933 238 2989 Sola
310 2929 447 2986 emistrici
465 2932 495 2985 et
512 2928 543 2983 id
615 2931 772 2986 bmanenti
790 2933 848 2987 iam
866 2931 1037 2987 mutavimus

94 3002 410 3060 eformaetsubiectum
458 2999 559 3059 8Diae
578 2999 638 3056 XX.
657 3003 791 3059 cordele
843 3003 907 3058 urir‘r
971 3002 1116 3072 eduppli-

95 3077 183 3132 saon.
257 3080 292 3129 lo
308 3072 398 3144 partis
417 3072 527 3129 minuet
544 3072 657 3132 corr-L.
722 3073 804 3142 quod.
871 3078 903 3128 11
923 3072 1116 3144 supplimenta

420 3146 451 3186 eit

95 3214 220 3269 paucora
260 3195 451 3253 necessarium
489 3203 522 3252 12
536 3195 643 3252 ballum
689 3196 872 3267 pepdaturam
909 3196 1117 3253 latabulinum

94 3275 133 3325 nu
152 3270 285 3326 seneetra.
359 3274 393 3324 14
412 3266 599 3322 sabieoiernus
650 3274 684 3324 1⁶
702 3267 798 3336 aliqua
816 3268 917 3323 cohors
936 3285 1004 3325 corr.
1024 3268 1082 3324 sea

97 3347 130 3394 16
140 3339 270 3396 debituri
319 3337 493 3409 ttpoterint.
541 3344 574 3395 18
588 3355 647 3395 uno
663 3337 771 3411 pariter
789 3339 922 3396 resudet
970 3345 1005 3393 20
1020 3338 1116 3408 aquile

93 3417 129 3536 dd
144 3410 352 3535 hesafftclariam
369 3425 438 3468 corr.
458 3409 542 3467 datm.
614 3410 702 3466 habes
752 3416 788 3466 24
800 3409 904 3480 reliqui
953 3415 988 3464 25
1001 3409 1116 3481 inpares

144 3496 226 3552 perae
242 3497 291 3536 on.
