2454 3976
379 971 761 1046 PRAEFATIO.

151 1287 295 1352 Libellus
314 1291 426 1353 noster
444 1291 495 1353 ter
513 1287 618 1352 editus
638 1290 696 1370 est,
718 1287 860 1372 primum
880 1310 899 1352 a
918 1285 1077 1354 Scriverio

47 1377 148 1442 1607
174 1379 288 1460 (repet.
313 1374 428 1463 1621),
455 1375 569 1442 deinde
593 1398 613 1441 a
635 1374 764 1441 Schelio
791 1376 877 1441 1660
906 1374 1020 1461 (repet.
1044 1379 1079 1442 in

62 1464 194 1531 Graevii
218 1465 385 1531 Thesauro
408 1465 472 1531 vol.
494 1463 525 1529 X
547 1488 579 1550 p.
598 1464 663 1529 999
679 1463 790 1550 scqq.),
814 1466 869 1549 qui
892 1466 1015 1550 optime
1039 1467 1079 1531 de

62 1575 98 1620 eo
123 1555 260 1620 meritus
284 1558 343 1639 est,
370 1556 536 1638 postremo
560 1576 580 1619 a
601 1552 727 1638 Langio
752 1554 848 1636 1848,
876 1555 931 1639 qui
954 1557 987 1619 et
1008 1555 1078 1639 ipse

60 1645 201 1708 multum
225 1665 342 1726 operae
365 1644 400 1706 in
421 1642 570 1706 libellum
595 1642 742 1706 contulit.
785 1641 848 1707 Sed
871 1639 1022 1707 Scriverii
1046 1646 1079 1708 et

61 1729 181 1797 Schelii
205 1734 313 1796 aetate
341 1753 393 1796 ars
422 1730 548 1796 codices
576 1728 734 1816 dignitate
761 1730 955 1796 aestimandi
983 1735 1016 1796 et
1043 1733 1079 1796 in

60 1821 181 1886 classes
214 1820 379 1905 digerendi
414 1819 557 1885 nondum
593 1821 673 1884 nota
705 1824 789 1904 erat,
825 1818 936 1905 Lange
968 1824 1025 1886 aut
1026 1843 1078 1886 em

59 1909 146 1974 falsa
168 1910 278 1995 sagaci
279 1911 347 1974 tate
370 1908 543 1992 perductus
566 1907 677 1992 pravis
701 1869 894 1994 quibbsdam
913 1909 1078 1975 codicibus

60 1998 158 2063 fidem
184 1997 367 2063 habendam
394 2019 466 2062 esse
494 1996 672 2062 contendit.
719 1995 837 2062 Servat
823 2001 876 2062 tus
909 1998 1011 2061 enim
1028 2001 1078 2062 est

59 2085 112 2152 hic
132 2086 263 2151 libellus
282 2087 465 2151 tribust
405 2107 448 2169 po
450 2085 613 2151 tissimum
633 2083 798 2149 codicibus
812 2083 1078 2170 Guelferbytanis

60 2175 89 2240 A
118 2175 146 2239 B
177 2173 216 2260 O,
253 2197 333 2260 quos
361 2175 429 2239 fere
455 2174 527 2259 pari
554 2174 677 2239 honore
704 2173 819 2259 dignos
853 2173 1078 2240 iudicaverunt

59 2265 185 2348 priores
213 2264 363 2329 editores.
409 2263 532 2328 Tamen
555 2263 644 2327 solus
667 2259 730 2325 A
721 2284 742 2327 1
759 2282 785 2327 e.
803 2261 998 2328 Arcerianus
1024 2267 1077 2345 [ex

59 2353 191 2418 nomine
215 2351 341 2417 Arcerii
373 2351 490 2438 prioris
518 2350 684 2416 cuiusdam
711 2351 924 2435 possessoris]
958 2354 1076 2436 respici

60 2440 155 2506 debet
140 2442 210 2526 tis,
226 2443 311 2506 enim
329 2463 388 2526 pro
408 2441 551 2506 fontet
518 2462 535 2504 e
565 2439 691 2523 origine
706 2439 845 2505 aliorum
860 2440 1007 2505 codicum
1021 2442 1076 2506 ha-

59 2529 182 2594 bendus
201 2533 261 2613 est,
279 2529 313 2594 id
328 2529 413 2614 quod
431 2529 534 2595 frater
552 2549 642 2593 meus
652 2527 770 2592 Albert
780 2527 908 2594 Gemoll
923 2527 1075 2614 (Hermes

59 2619 121 2683 vol.
135 2618 167 2684 X
190 2640 220 2701 p.
234 2619 300 2683 244
312 2617 411 2702 seqq.)
431 2640 470 2682 ex
492 2618 651 2683 varietate
673 2617 851 2682 lectionum
873 2618 979 2682 textui
993 2617 1074 2682 Lan·

60 2707 157 2792 giano
173 2707 318 2773 subiecta
332 2707 494 2792 probavit.
518 2704 610 2782 Quod
624 2704 753 2770 facilius
769 2727 846 2770 sane
855 2705 919 2771 fuit
927 2706 1075 2790 probare,

23 2822 29 2847 =
60 2796 85 2859 si
105 2795 135 2860 ei
155 2795 280 2860 codices
299 2796 388 2880 ipsos
404 2795 493 2860 adire
507 2795 663 2877 licuisset,
681 2816 758 2859 nem
771 2793 883 2879 Lange
896 2793 1075 2867 identidem

60 2884 180 2949 erravit
192 2905 251 2949 nec
265 2905 398 2969 prorsus
412 2906 489 2949 vera
503 2884 542 2949 de
557 2883 622 2948 illis
634 2881 799 2948 codicibus
811 2881 1074 2967 Guelferbytanis

60 2971 203 3036 rtadidit.
180 2972 329 3049 ιιιιιοᾶ
353 2972 482 3076 quidem
504 2972 647 3057 pertinet
632 2971 706 3036 tad
723 2969 752 3034 B
772 2971 862 3055 etA,
880 2971 986 3036 minus
1005 2973 1074 3037 eius

59 3058 182 3126 incuria
214 3062 392 3146 vituperari
422 3065 546 3146 potest,
577 3059 738 3125 nonnulla
767 3083 787 3125 a
814 3082 866 3124 me
895 3082 934 3125 ex
960 3060 991 3124 A
1021 3059 1073 3124 de·

58 3153 189 3252 prompt
187 3172 211 3214 a
232 3150 267 3216 in
290 3150 555 3216 adnotationibus
585 3149 700 3233 cuique
722 3149 862 3234 paginae
885 3153 955 3214 ttex
956 3171 994 3212 us
1017 3169 1073 3213 no·
1162 3167 1164 3171 ·

60 3239 118 3302 stri
74 3237 295 3303 tadditis
285 3239 443 3324 invenies,
473 3239 528 3304 sed
551 3238 661 3303 collat
636 3241 683 3302 t1o
711 3237 830 3303 codicis
855 3233 880 3301 Ο
904 3259 924 3301 a
946 3237 1073 3323 Langio

29 3326 32 3333 ’
58 3323 210 3393 instituta
242 3349 358 3392 manca
387 3332 420 3392 et
450 3348 596 3392 errorum
627 3326 725 3410 plena
757 3329 815 3390 est.
866 3325 1072 3391 Enumerabc

59 3412 121 3479 iam
143 3414 206 3481 hos
231 3438 371 3501 errores,
393 3438 460 3482 non
483 3415 568 3500 quod
591 3413 631 3478 ad
654 3435 723 3478 rem
745 3413 847 3479 faciat
869 3437 924 3482 cos
947 3437 1072 3481 enume-

876 3519 912 3574 1*
