2454 3976
102 199 145 265 14
500 199 718 257 amerino.

103 363 250 448 sequitur
272 384 312 428 ex
335 363 393 446 eis,
416 384 499 447 quae
522 384 622 446 supra
644 364 861 446 exposuimus.
902 363 1043 432 Prorsus
1067 391 1121 435 oo-

106 451 180 518 dem
203 451 298 518 modo
322 449 376 539 (cf.
400 473 427 517 c.
447 449 503 537 16)
526 451 580 516 ala
601 451 744 517 miliaria
765 450 895 517 XXIIII
915 457 1043 521 turmas
1065 457 1122 522 bs·

103 540 173 624 bet,
206 541 422 625 quingenario
447 539 536 606 XVL
581 539 742 624 Apparet,
772 539 942 626 Hyginum
965 545 1032 608 e.3
1055 568 1121 612 non

102 633 252 695 accurate
285 630 391 694 dicere
423 629 551 695 ‘cohors
582 629 690 712 prima
722 663 764 676 -
798 630 953 714 qnoniam
984 632 1120 717 duplum

102 738 272 783 numerum
294 718 396 783 habet
423 717 555 801 duplam
582 717 776 801 pedaturam
804 717 963 803 accipiet'.
1008 719 1120 806 Spero,

101 827 153 871 me
185 805 304 891 Langii
331 827 473 871 errorem
500 805 673 889 detexisse,
705 828 769 890 quo
793 807 924 872 sublato
946 831 1120 876 nnmerum

107 895 272 979 copiarum
290 895 324 960 in
343 896 553 978 praetentura
570 893 775 961 tendentium
789 895 887 960 VIIII
904 897 997 961 milia
1016 899 1120 964 effeci·

101 1004 184 1067 mua,
206 987 336 1049 servata
350 983 518 1050 Arceriani
537 983 697 1067 scriptura
715 982 768 1048 ‘ad
782 981 840 1048 Dc
859 984 1009 1051 homines
1032 1009 1117 1053 com-

100 1072 281 1156 putantur'.

191 1182 216 1227 c.
236 1160 289 1228 50.
319 1161 366 1229 Et
388 1160 484 1227 lorica
500 1180 604 1244 patroc
624 1160 670 1242 fit.
704 1159 856 1227 similer
873 1167 945 1226 ante
959 1168 1068 1246 portos
1084 1169 1120 1230 at

102 1249 239 1329 btuuro,
266 1255 311 1314 eet
330 1250 419 1331 fossa
440 1251 484 1314 ad
508 1249 639 1330 cadum]
667 1247 780 1335 Lange
808 1250 940 1333 scripsit
962 1249 1012 1332 ‘fit
1031 1255 1119 1319 ami

101 1338 171 1403 liter
193 1342 264 1404 mato
281 1343 391 1421 putas
413 1339 457 1402 ad
477 1337 616 1420 titulum,
637 1347 672 1402 ut
693 1338 737 1404 od
754 1338 873 1419 fossam
894 1339 1020 1405 cauam.
1055 1339 1118 1406 Sed

102 1424 213 1492 omisit
239 1425 335 1491 nobis
363 1425 506 1492 iudicare
538 1425 659 1510 locum,
691 1447 754 1509 quo
784 1427 887 1492 lorica
918 1427 1119 1511 significaret

101 1514 224 1581 vallum
247 1514 364 1600 ipsum.
409 1513 493 1579 Tum
520 1513 702 1580 inauditum
725 1515 918 1580 munitionis
940 1536 1045 1601 genus
1068 1539 1118 1583 ex-

102 1603 276 1689 cogitavit,
304 1603 414 1686 titulo,
442 1623 523 1687 quae
548 1599 602 1689 (cf.
625 1603 669 1667 49
693 1602 755 1690 en)
784 1604 874 1670 fossa
894 1625 953 1687 per
974 1606 1118 1671 latitudi-

100 1712 176 1756 nem
198 1696 367 1776 portarum
390 1691 487 1757 ducta
509 1695 573 1775 est,
600 1692 724 1757 vallum
748 1696 782 1757 et
804 1692 991 1758 defensores
1013 1695 1119 1760 iniun-

102 1799 190 1864 gens.
235 1780 382 1846 Titulum
409 1780 482 1846 ideo
514 1781 687 1847 instruitur
718 1784 752 1847 et
783 1781 956 1866 sexaginta
987 1783 1117 1867 quidem

101 1866 199 1950 pedes
223 1872 297 1933 ante
320 1874 464 1952 portam,
486 1873 525 1933 ut
546 1869 653 1934 aditus
677 1869 718 1934 ad
740 1873 871 1952 portam
888 1869 1040 1935 hostibus
1059 1871 1119 1936 dil·

104 1955 223 2021 ficilior
250 1955 306 2034 sit,
334 1956 421 2020 vallo
446 1960 480 2020 et
502 1956 725 2022 defensoribus
753 1978 820 2023 non
844 1979 926 2041 opus
949 1961 1012 2042 eat,
1041 1981 1117 2043 quo·

104 2043 193 2111 niam
216 2045 284 2111 tela
307 2066 327 2109 a
348 2045 436 2109 vallo
461 2043 502 2110 ad
524 2044 659 2110 titulum
682 2045 778 2112 facile
802 2045 984 2131 adiguntur.
1027 2046 1119 2124 Quod

102 2154 163 2198 nos
186 2133 323 2200 dicimus
347 2132 449 2198 ‘Fert'
472 2134 525 2199 vel
548 2133 633 2219 quod
656 2134 698 2199 ad
718 2134 866 2200 homines
889 2135 1032 2219 pertinet
1055 2135 1118 2202 ‘de

103 2220 259 2287 tachirter
286 2221 419 2287 Posten'
452 2223 641 2305 antiquitati
671 2223 822 2306 ignotum
845 2222 909 2287 fult
932 2223 971 2289 of.
990 2222 1118 2290 Vitruv.

105 2307 190 2390 1,15
209 2307 411 2375 ‘collocanda
429 2313 538 2375 autem
557 2309 678 2393 oppida
701 2313 778 2375 sunt
794 2331 861 2374 non
879 2312 1040 2394 quadrata
1061 2333 1120 2379 nec

101 2397 367 2480 procurrentibus
391 2397 521 2483 angulis
545 2395 624 2465 ...'.

191 2506 219 2551 e.
235 2484 288 2552 51.
316 2505 411 2568 aeque
434 2486 535 2570 lapido
556 2486 662 2552 mobili
679 2486 744 2552 atsi
765 2487 982 2571 confragosum
1000 2490 1119 2556 eadam

101 2574 204 2640 catat
220 2573 337 2658 potest]
370 2574 541 2641 Arceriani
568 2576 722 2659 copiosum
751 2576 787 2640 in
815 2576 1030 2660 confragosam
1053 2600 1120 2645 mu·

101 2661 182 2745 tavi,
215 2684 329 2728 sensus
357 2664 443 2728 enim
476 2665 614 2748 requirit
646 2664 839 2729 adiectivum
872 2665 1019 2751 aliquod,
1055 2689 1119 2752 quo

100 2750 180 2818 valli
216 2750 367 2817 soliditas
403 2752 456 2816 vel
492 2753 651 2818 tenacitas
688 2753 899 2837 vituperetur.
953 2753 1003 2818 De
1041 2777 1120 2821 voce

2 2894 6 2902 .
102 2838 337 2926 ‘confragosus'
360 2840 432 2925 ipsa
455 2840 495 2906 cf.
510 2839 690 2908 Columella
712 2841 742 2924 2,
756 2842 821 2927 2,8
839 2843 1021 2928 “lapidibus
1045 2864 1120 2911 con·

101 2927 265 3010 fragosus'
296 2931 329 2994 et
351 2927 540 2996 Lachmann
568 2929 806 3015 agrimensores
834 2931 984 2999 Romani.
1030 2929 1120 2998 Satis

101 3015 181 3081 trita
198 3038 262 3083 vox
276 3016 362 3100 apud
381 3017 618 3103 agrimensores
636 3018 738 3085 fuisse
752 3018 889 3104 videtur,
908 3024 994 3086 certe
1012 3021 1119 3089 tribus

101 3104 181 3171 locis
204 3104 240 3170 in
263 3104 403 3171 editione
425 3105 691 3173 Lachmanniana
713 3108 838 3191 inveni,
861 3131 891 3193 p.
906 3109 950 3175 24
972 3107 1120 3175 Frontin.

101 3193 192 3260 lib.l
215 3192 421 3280 ‘confragosa
444 3195 517 3261 loca
540 3219 603 3280 qua
620 3197 684 3262 iter
702 3195 773 3261 fieri
790 3217 857 3263 nun
876 3195 1007 3280 potest,
1029 3220 1061 3281 p.
1076 3199 1121 3263 32

102 3280 380 3369 ‘confragosorum
394 3283 539 3350 locorum
552 3282 804 3369 iniquitatibus',
817 3306 847 3368 p.
855 3286 898 3351 33
910 3284 994 3352 ‘loca
1004 3307 1121 3369 aspera

102 3372 135 3435 et
153 3372 347 3524 confrabgosa
366 3372 453 3439 saxis
470 3369 635 3460 (Hyginus
654 3373 694 3438 de
713 3373 842 3440 limitib.
857 3374 1120 3462 constituendis).

190 3459 256 3525 eb
279 3510 287 3525 .
319 3481 356 3527 aa
377 3481 410 3528 eo
431 3462 544 3544 medio]
568 3462 617 3529 ita
639 3463 777 3547 correxi,
799 3464 885 3530 hunc
907 3464 1015 3531 locum
1038 3463 1127 3528 refe·
