2454 3976
146 250 191 314 32
587 247 719 304 HYGINI

145 417 269 494 torum,
297 410 436 495 singulis
461 408 518 474 LX
540 409 653 494 pedes,
684 409 940 494 adsignabimus.
995 409 1048 476 37.
1071 409 1171 479 Nune

146 502 176 565 si
199 500 317 565 dantur
339 499 429 564 mille
450 498 599 563 homines
627 519 723 582 super
745 519 914 563 numerum
937 499 1169 585 compositum,

146 590 181 653 in
213 588 326 654 eedem
358 587 517 671 pedatura
552 587 642 652 loeus
674 585 876 671 adsignetur3
920 587 967 652 sie
997 586 1170 654 faciemus.

146 676 308 754 Quoniam
332 675 437 760 partis
461 674 614 740 dimidiae
636 673 667 738 D
692 695 762 739 esse
785 677 928 759 constet,
953 696 1035 759 quos
1058 677 1170 761 capiet

116 764 397 849 ssemistrigium
428 763 622 829 deducamus
655 763 796 848 scamnis
827 762 927 847 pedes
953 763 985 828 X
1017 766 1051 829 et
1077 765 1169 830 viam

146 854 232 918 inter
255 853 325 918 elas
348 851 513 936 tollemus,
537 851 847 936 quaerundum,
870 851 899 916 si
916 851 1075 937 pedatura
1094 875 1169 938 per·

147 942 270 1025 mittet3
297 941 381 1006 fiunt
402 939 502 1024 pedes
524 938 631 1004 XXX:
659 940 722 1005 erit
745 939 994 1025 semistrigium‚
1021 941 1110 1025 quod
1135 940 1168 1006 D

146 1029 295 1094 homines
325 1031 442 1113 postea
468 1031 617 1113 acceptos
644 1027 787 1113 recipiet.
845 1028 897 1094 38.
926 1028 1023 1095 Nune
1050 1052 1068 1095 e
1091 1051 1167 1095 eon-

50 1139 137 1204 seres2
147 1118 250 1183 trunio
274 1117 426 1183 similiter
445 1119 451 1199 Ι
470 1116 613 1182 numeris
636 1116 828 1200 compositis
846 1116 1041 1183 deducemus
1059 1118 1167 1183 homi·

105 1226 133 1265 10
146 1229 204 1272 nes
233 1202 317 1285 clo,
353 1227 489 1290 quorum
522 1207 573 1270 est
603 1205 761 1289 pedeture'
798 1205 920 1290 strigae
950 1205 1070 1290 pedum
1098 1205 1168 1272 LX

145 1294 305 1359 Dabimus
329 1315 460 1360 scamno
483 1296 668 1378 legatorum
686 1294 785 1378 pedes
804 1292 937 1378 LXXX,
959 1293 1168 1360 tribunorum

145 1383 245 1467 pedes
267 1380 357 1446 LXX
380 1386 413 1448 et
434 1381 522 1447 viem
544 1381 631 1446 inter
654 1382 723 1446 slas
746 1403 949 1467 reponemus.

235 1470 288 1535 39.
319 1469 403 1535 Item
425 1470 522 1535 lateri
550 1470 708 1554 praetorii
731 1473 764 1535 et
785 1473 970 1536 retentasse
1000 1470 1166 1554 similiter,

146 1559 175 1624 si
198 1581 261 1643 quo
284 1558 359 1643 plus
386 1559 439 1624 vel
461 1558 568 1623 minus
591 1558 704 1641 fuerit,
731 1558 817 1623 idem
840 1559 1101 1643 observabimus,
1128 1564 1166 1625 ut

105 1666 132 1706 1⁵
146 1648 347 1732 praetorium
371 1653 404 1713 et
426 1647 582 1713 comitum
604 1646 810 1732 pedaturam,
839 1646 919 1712 item
942 1648 1166 1731 quaestorium

146 1737 341 1801 minuamus
358 1735 409 1801 vel
440 1736 633 1820 ampliemus
662 1735 798 1801 servetis
825 1734 1031 1821 portionibus
1054 1736 1167 1802 istitu-

146 1825 241 1890 dinis.
277 1823 360 1889 Viae
384 1828 494 1889 sutem
517 1825 631 1889 obesse
657 1826 825 1908 poterunt,
853 1824 881 1889 si
907 1824 1066 1908 pedatura
1091 1824 1165 1890 stri·

146 1913 230 1977 otior
252 1911 359 1997 fuerit,
381 1912 467 1978 inter
491 1911 641 1977 cohortes
663 1912 844 1996 praetorias
868 1915 901 1976 et
919 1913 990 1978 slas
1010 1913 1166 1998 equitum,

147 2000 221 2065 ideo
246 1999 332 2084 quod
355 1999 526 2085 disciplina
547 1998 685 2066 militari
712 1999 754 2065 ad
782 2020 876 2065 suum
900 2000 1034 2085 quisque
1056 2023 1167 2067 nume·

49 2087 1166 2262 rsiustissimus:strutiones

147 2266 244 2331 nibus
271 2286 331 2349 per
358 2265 479 2350 striges
513 2200 659 2330 {tilietius
692 2287 749 2331 seu
776 2199 1056 2351 laiiusqtendere,
1087 2288 1166 2351 quo·

145 2354 235 2419 niem
263 2373 359 2437 seepe
386 2373 537 2419 numeros
567 2353 676 2419 evenit
708 2353 915 2439 commutari,
941 2357 1076 2420 tonsura
1099 2376 1166 2420 em·

145 2442 234 2526 plius
268 2440 424 2525 efficiant,
457 2463 554 2526 quem
586 2442 710 2528 strigae
741 2442 775 2507 in
808 2442 943 2508 eundem
969 2442 1166 2527 pedeturam

148 2710 162 2759 1
183 2702 288 2774 singodi
305 2704 355 2758 LX
372 2717 440 2760 corr.
454 2703 507 2760 ees
570 2701 782 2773 assignavimus
845 2708 861 2757 2
881 2702 1004 2759 dictator
1021 2702 1100 2758 mille
1115 2705 1166 2760 ho·

145 2775 237 2831 mines
300 2781 317 2830 3
332 2774 363 2829 in
380 2773 500 2829 eandem
516 2773 684 2844 pedeturam
737 2775 862 2856 tpsrtes
882 2772 1016 2829 dimidiae
1033 2775 1167 2832 corrues

182 2845 307 2917 4oepite
322 2844 476 2901 emistrioio
531 2852 547 2901 6
563 2845 593 2900 et
605 2844 789 2900 deinterbelis
808 2861 877 2902 corr.
887 2844 942 2901 esu
997 2853 1012 2901 7
1026 2844 1166 2901 eemistri·

147 2916 221 2971 oium
277 2923 311 2972 10
323 2916 452 2972 homines
473 2932 505 2972 00
574 2914 681 2985 striges
698 2915 832 2974 resudet
882 2922 913 2972 11
930 2930 1074 2970 scamnum
1087 2916 1166 2986 lega-

145 2989 247 3042 torum.
287 2994 319 3042 12
335 2990 365 3042 et
378 2987 426 3042 viu
439 2986 514 3042 inter
527 2986 598 3041 eiius
617 2986 777 3056 reponimus
795 3003 864 3044 corr.
874 2986 936 3044 Seb-
975 2993 1008 3042 15
1022 2987 1166 3056 quaestori

172 3070 189 3099 u

144 3111 302 3166 minuemus
376 3116 409 3167 16
427 3110 549 3181 emplius
567 3109 697 3168 eorndeb
757 3116 789 3165 17
805 3127 871 3165 suee
893 3109 1044 3180 (desudet)
1067 3111 1165 3166 eutem

146 3183 255 3255 abiesse
273 3180 400 3252 poterint
519 3179 683 3251 inscription
706 3198 775 3238 eorr.
795 3180 848 3237 Sub
965 3187 998 3237 18
1017 3181 1165 3236 eohortem

144 3252 289 3322 praetoria
307 3252 357 3308 sed
376 3251 446 3307 alies
465 3251 610 3321 sequutum
683 3257 716 3306 19
735 3249 915 3322 disciplinam
927 3250 1080 3306 militarem
1093 3268 1164 3309 eorr.

146 3324 199 3380 deb
272 3324 309 3379 ud
328 3341 389 3378 sum
461 3328 497 3379 2ο
514 3321 558 3377 ito
576 3321 652 3392 dieo,
676 3323 787 3380 addidit
809 3322 863 3379 Sub
882 3323 936 3380 ‘ut'
1018 3323 1165 3378 211111111-

145 3399 170 3436 tt

145 3448 238 3501 turem
310 3465 478 3517 quemquem
496 3464 585 3518 genus
602 3445 764 3502 hominibus
783 3463 852 3504 corr.
871 3446 899 3500 L
970 3453 1005 3502 22
1023 3446 1109 3501 tende

146 3524 180 3574 23
199 3534 330 3585 numerus
349 3518 445 3573 evenit
464 3521 616 3588 conputare
629 3519 744 3573 tentore
761 3517 890 3575 eorndcb
950 3522 986 3572 21
1003 3516 1091 3589 strigo
