2454 3976
460 239 678 297 PRAEFATIO.
992 301 996 308 ,
1038 242 1082 307 15

61 425 138 467 rens
171 404 213 468 ad
243 405 386 487 priorem
414 401 544 487 ‘puncto
573 402 698 467 mediae
720 401 857 487 portae'.
904 403 992 480 Quae
1019 404 1083 472 hoc

62 492 135 556 loco
159 493 313 578 Hyginus
338 492 502 574 describit,
529 513 662 576 prorsus
690 513 757 556 non
785 492 946 557 intellexit
968 491 1083 579 Lange

61 578 103 644 cf.
127 601 159 662 p.
178 581 320 646 207-9.
361 581 460 645 Putat
483 580 539 644 ille
563 578 657 664 ‘quae
680 602 766 644 nunc
787 583 901 646 narr'at
918 579 1083 667 Hyginus,

62 667 196 734 illorum
219 691 354 753 operum
372 667 430 752 (sc.
447 668 551 755 tituli)
574 669 807 733 accuratiorem
830 668 1081 753 descriptionem

61 755 238 824 exhibere'.
283 756 345 822 Sed
368 757 557 821 omittamus
585 757 679 822 illum
708 762 741 821 et
763 756 889 843 Hygini
910 758 1010 822 verba
1033 759 1080 822 in-

61 844 248 929 spiciamus,
284 845 445 929 Apertum
465 848 526 929 est,
551 845 742 929 scriptorem
761 867 821 912 nos
837 845 983 929 edocere,
1002 865 1080 930 quo-

63 935 298 1018 modotportae
322 935 446 1018 optime
470 935 690 999 obstruantur.
720 933 804 1001 Eam
824 935 1082 1000 obstructionem

63 1024 211 1108 appellat
248 1022 453 1105 claviculam,
481 1043 588 1106 quam
620 1021 699 1087 cave
735 1044 808 1087 curn
845 1023 944 1087 titulo
983 1046 1082 1108 supra

61 1135 88 1179 o.
108 1113 161 1177 49,
185 1111 228 1176 50
255 1115 509 1176 commemorato
532 1111 721 1183 confundas.
766 1108 934 1176 Olavicula
956 1111 1005 1177 ita
1028 1135 1081 1176 ex·

63 1200 213 1266 struitur:
238 1199 412 1264 circinatur
431 1220 469 1262 ex
487 1198 573 1264 linea
591 1198 746 1264 interiore
764 1198 844 1264 valli
863 1198 996 1283 ‘puncto
1014 1222 1081 1265 me-

62 1290 136 1353 diae
164 1291 279 1372 portae
309 1282 612 1370 adaperto'oircino
641 1288 682 1352 ad
709 1287 872 1353 cardinem
899 1288 1024 1372 portae’
1048 1289 1082 1353 id

64 1380 114 1442 est
138 1399 177 1440 ex
200 1399 238 1441 eo
262 1380 383 1460 puncto
407 1376 571 1441 interioris
598 1376 703 1440 lineae
727 1376 819 1460 valli,
843 1376 928 1460 quod
956 1377 1082 1442 mediae

61 1469 190 1550 portae,
228 1487 325 1548 quam
361 1465 448 1529 inter
484 1464 673 1529 interiorem
705 1469 739 1530 ct
771 1465 965 1530 exteriorem
1001 1467 1082 1531 valli

60 1555 182 1619 lineam
200 1553 324 1636 cogites
344 1552 492 1636 mediam,
506 1553 705 1618 contrarium
720 1555 778 1619 cst.
802 1550 950 1618 Circinus
965 1554 1081 1638 adape-

61 1643 147 1706 ritur
171 1642 213 1722 ad
234 1640 399 1706 cardinem
422 1645 536 1724 portae
559 1644 592 1704 et
616 1641 836 1705 semicirculus
856 1663 894 1705 ex
912 1642 1016 1706 altero
1040 1643 1081 1707 ad

62 1731 203 1795 alterum
221 1733 335 1813 portae
354 1728 517 1793 cardinem
535 1728 682 1795 efficitur.
718 1728 792 1814 Via,
811 1752 875 1814 qua
892 1731 947 1795 via
965 1731 1082 1814 princi·

15 1848 19 1853 ’
59 1818 147 1902 palis
167 1823 224 1883 aut
241 1817 405 1900 praetoria
423 1817 639 1901 continuatur,
652 1821 782 1883 vacato
801 1818 930 1883 circino.
959 1818 1082 1904 ‘Linea

62 1929 145 1991 quae
169 1911 281 1971 centro
305 1903 435 1970 serviet'
459 1909 509 1970 est
532 1927 571 1970 ea
588 1927 663 1990 pars
682 1906 788 1970 lineae
806 1907 973 1973 interioris
992 1907 1082 1993 valli,

59 2017 143 2081 quae
165 1999 280 2079 portae
303 1994 456 2078 opposita
474 1997 533 2078 est,
556 1993 591 2057 in
610 2017 682 2078 qua,
705 1998 742 2059 ut
761 2017 860 2079 supra
879 1995 1080 2062 demonstra·

61 2084 180 2168 vimus,
212 2087 358 2147 centrum
386 2081 499 2146 circuli
529 2082 629 2146 situm
652 2086 711 2146 est.
756 2081 808 2147 Ex
831 2083 944 2147 eodem
967 2088 1080 2149 centro

62 2173 147 2237 alter
166 2171 304 2237 circulus
324 2170 465 2234 efficitur
485 2169 610 2234 adiecta
628 2169 802 2235 latitudine
816 2171 902 2234 valli.
932 2170 1081 2256 Utraque

61 2262 149 2325 linea
172 2259 293 2325 desinit
314 2260 349 2323 in
372 2259 509 2342 vallum,
534 2257 619 2342 quod
638 2279 755 2323 curvae
778 2258 855 2324 illae
878 2259 982 2325 lineae
1005 2282 1082 2327 con-

61 2350 200 2414 tinuant.
245 2348 319 2412 Tali
347 2346 442 2411 modo
466 2350 539 2412 tota
567 2351 664 2430 porta
688 2347 813 2412 munita
837 2352 901 2429 est,
933 2350 1082 2415 sclavia

60 2437 165 2502 libera
202 2459 222 2501 a
257 2436 437 2501 munitione
478 2435 593 2500 relicta
630 2440 688 2500 est.
749 2433 901 2500 Ceterum
938 2437 1081 2522 effigiem

59 2525 156 2590 huius
180 2525 371 2608 claviculae,
404 2524 535 2608 qualem
563 2545 601 2588 ex
624 2522 750 2608 Hygini
777 2525 886 2608 verbis
915 2527 1082 2610 constitui,

60 2614 159 2697 paulo
196 2612 357 2677 diversam
392 2612 477 2695 apud
504 2611 708 2698 Daremberg
740 2615 773 2677 et
802 2611 914 2699 Saglio
944 2614 1080 2679 diction·

60 2703 151 2766 naire
185 2702 240 2765 des
273 2701 450 2784 antiquitas
479 2722 633 2786 grecques
667 2703 701 2764 et
732 2701 895 2767 romaines
925 2701 1081 2768 invenies.

61 2789 117 2855 Illi
140 2790 331 2855 claviculam
357 2790 520 2854 introrsus
547 2792 728 2874 verterunt,
759 2789 795 2853 in
826 2789 909 2855 hanc
940 2791 1081 2855 formam

10 2956 13 3053 ,
39 2943 41 2947 ψ
74 2918 339 3029 Q
353 2920 497 2979 mmmm,
521 2916 582 2981 ego
605 2895 639 2960 in
659 2895 850 2960 exteriorem
868 2900 1009 2983 partem,
1033 2897 1082 2962 ita

336 3031 392 3090 ,artibs

10 3056 12 3129 !
60 3051 128 3116 fere
156 3049 415 3126 QuocuW)
439 3051 573 3103 ΜΕΝ-ΤΗ

150 3179 177 3222 o.
196 3157 248 3223 57.
284 3179 356 3224 uoce
385 3159 465 3240 forte
496 3159 608 3241 colles]
651 3157 756 3225 Malui
791 3159 961 3226 Arceriani
994 3160 1081 3241 fosso

60 3247 155 3312 ualles
182 3246 231 3311 ita
254 3248 415 3331 corrigere
445 3271 543 3332 quam
567 3270 639 3312 oum
661 3247 788 3334 Langio
818 3249 958 3314 scribere
978 3248 1082 3329 fossae

60 3339 117 3399 out
137 3335 240 3414 culleo,
266 3335 430 3418 quianon
453 3337 624 3402 credebam
646 3337 718 3401 fieri
740 3358 850 3421 posse,
877 3341 915 3402 ut
936 3358 995 3421 per
1017 3337 1082 3403 fos·

55 3445 114 3489 sas
139 3424 299 3488 exercitus
323 3429 380 3488 aut
404 3426 563 3491 exercitus
582 3446 669 3508 pars,
692 3429 814 3509 quanta
834 3426 991 3509 perniciei
1010 3449 1081 3492 esse

60 3515 186 3596 posset,
209 3535 351 3596 unquam
375 3514 545 3598 obreperet
568 3513 695 3578 castris.

113 3626 234 3678 Gemoll,
254 3627 367 3676 Hyginus.
905 3624 930 3669 ἢ.
