2454 3976
101 171 144 235 22
547 167 678 224 HYGINI

0 349 88 420 asel
103 334 177 398 dere
197 333 202 416 Ι
222 332 341 397 debent
360 336 393 397 ct
410 332 543 417 duplam
565 330 757 415 pedaturam
775 329 929 415 recipere,
948 332 1034 416 quod
1053 337 1127 402 ten·

99 422 192 487 toriis
215 421 392 486 maioribus
419 423 562 485 utantur.
610 419 834 502 Primipilarcs
862 419 963 484 etiam
991 425 1026 487 et
1049 444 1125 489 evo·

100 509 165 575 cati
188 508 223 574 in
246 509 359 573 eadem
382 509 542 593 pedatura
564 509 672 573 locum
695 508 867 591 accipiunt.
929 509 958 573 7.
980 508 1125 594 Equites

99 597 299 682 praetoriani
322 595 424 662 latere
448 597 561 662 dextro
584 596 750 681 praetorii,
775 596 957 680 singulares
981 597 1125 683 impera-

72 686 182 751 acoris
205 687 308 751 latere
331 686 475 750 sinistro.
506 684 650 762 Quorum
670 685 699 749 si
717 685 823 748 maior
839 707 991 751 numerus
1010 687 1125 774 fuerit,

100 778 218 858 utputa
241 774 423 858 singulares
445 770 516 856 Do,
545 772 744 857 praetoriani
768 770 862 858 000,
889 777 1043 857 potenmt
1067 775 1123 844 GL

101 864 285 947 singulares
308 863 343 926 in
366 862 471 947 striga
497 862 778 945 praetorianorum
806 859 947 928 tendere.
995 863 1050 929 Ita
1065 865 1123 952 fit,

99 955 137 1015 ut
161 955 193 1015 et
215 950 286 1035 pari
308 972 445 1015 numero
466 949 617 1034 dispositi
636 949 825 1014 decuriones
845 952 877 1015 et
898 951 1016 1035 reliqui
1033 955 1122 1036 prin·

102 1038 223 1122 cipales
248 1060 359 1104 eorum
383 1039 476 1104 binos
500 1060 600 1123 equos
619 1038 820 1121 possidentes
839 1040 1031 1122 propensius
1050 1044 1140 1109 ten·'

1 1142 91 1214 1181,
103 1128 190 1193 dant.
236 1127 282 1192 Et
309 1129 337 1192 si
365 1127 472 1192 minor
498 1147 651 1191 numerus
683 1122 903 1212 utrorumlquc
935 1127 1047 1212 fuerit,
1083 1134 1123 1196 ut

60 1252 86 1291 11
101 1215 245 1281 centenis
264 1217 427 1300 equitibus
446 1213 653 1299 semistrigiis
674 1213 741 1279 suis
760 1214 864 1280 laxius
883 1216 1030 1300 tendant,
1052 1240 1120 1285 non

100 1305 164 1368 erit
185 1304 427 1387 haesitandum,
456 1303 610 1389 quoniam
638 1302 834 1368 officialibus
858 1303 954 1368 lateri
984 1304 1120 1373 sinistro

99 1392 258 1476 proximis
282 1392 330 1457 ibi
352 1391 509 1475 pedatura
529 1391 727 1477 adsignetur.
774 1391 804 1456 8.
823 1390 947 1468 Quodsi
966 1393 1120 1461 cohortes

99 1480 285 1564 praetoriae
308 1480 449 1563 impares
468 1483 620 1564 acceptae
638 1479 769 1562 fuerint,
791 1478 944 1563 quoniam
963 1504 1120 1550 numerus

59 1586 87 1627 15
102 1572 135 1632 et
159 1568 207 1632 dis
232 1569 329 1633 ositio
349 1568 461 1633 dextra
484 1569 640 1653 laevaque
663 1569 820 1652 praetorii
844 1568 1120 1655 semistrigiorum

101 1680 120 1721 a
143 1591 277 1740 parilrus
305 1678 375 1722 esse
403 1657 534 1737 debent,
567 1656 639 1721 loco
667 1655 811 1721 cohortis
839 1655 963 1742 equites
986 1664 1119 1742 praeto-

98 1746 185 1810 riani
217 1749 386 1829 ponentur.
433 1745 621 1833 Singulares
654 1748 765 1810 autem
793 1745 917 1829 equites
950 1747 979 1810 si
1005 1746 1118 1814 0000

100 1839 157 1898 aut
175 1832 312 1899 DOOCO
336 1834 469 1917 fuerint,
492 1834 565 1918 pari
582 1854 717 1900 numero
736 1833 874 1917 integris
899 1834 1012 1920 strigis
1036 1837 1118 1902 late

99 1922 192 1986 ribus
215 1921 348 1986 tendere
371 1922 548 2001 debebunt,
581 1923 610 1987 si
632 1921 673 1988 ad
695 1920 726 1985 D
749 1921 884 2007 fuerint,
916 1923 1119 2010 semistrigia

58 2028 86 2068 ao
102 2010 147 2075 eis
172 2009 346 2094 sufficiant.

18 2117 87 2184 aaa
190 2100 220 2164 9.
251 2099 338 2164 Illud
361 2099 501 2164 maxime
525 2095 707 2187 obserlvare
736 2097 939 2183 debebimus,
970 2105 1008 2165 ut
1031 2102 1119 2168 latus

99 2189 255 2270 praetorii
282 2210 350 2254 non
375 2189 449 2272 plus
478 2210 576 2273 quam
598 2185 746 2253 DOOXX
772 2187 871 2271 pedes
898 2188 1118 2272 longitudinis

100 2275 249 2360 accipiat.
281 2275 333 2339 Ita
351 2277 417 2359 fiet,
439 2279 477 2341 ut
500 2275 650 2341 cohortes
672 2275 800 2359 primae
824 2278 856 2340 et
876 2277 1061 2359 praetoriae
1085 2282 1119 2345 et

97 2363 244 2447 reliquus
267 2384 433 2447 numerus,
458 2363 513 2448 qui
536 2363 638 2428 latere
661 2363 818 2447 praetorii
839 2364 957 2449 tendit,
980 2365 1119 2452 integris

57 2468 86 2509 aa
101 2451 214 2535 strigis
239 2473 298 2516 sua
320 2451 478 2535 pedatura
501 2452 622 2535 optime
645 2451 791 2516 tendant.
835 2450 936 2536 Nam,
960 2458 1119 2537 quantum

100 2540 141 2605 ad
177 2539 385 2605 latitudinem
421 2539 578 2623 praeterii
608 2539 711 2607 totius
744 2539 876 2625 attinet,
913 2564 933 2606 a
960 2539 1045 2607 CLX
1077 2544 1118 2609 ad

100 2733 163 2786 1ut
183 2729 299 2800 duplam
349 2736 365 2785 2
380 2729 530 2801 temporib.
545 2729 659 2785 maioris
675 2747 744 2787 corr.
754 2729 808 2787 Sele
878 2731 1080 2801 Primipilarib.

98 2818 163 2856 cum
182 2801 239 2856 eati
258 2818 326 2858 corr.
344 2802 425 2858 Poat.
486 2801 652 2871 3Aequites
670 2800 849 2872 praeteriens
887 2809 919 2858 ·4
932 2802 1118 2872 imperatores

135 2872 255 2928 elstera
275 2879 333 2929 suo.
353 2889 423 2929 cerr.
443 2872 596 2929 Scriverius
613 2875 646 2928 a'e
663 2875 786 2944 marpine
804 2874 832 2926 A
904 2873 1066 2944 opoterint

100 2943 172 2998 lite
190 2943 231 2998 sic
249 2946 282 2998 ut
300 2945 403 3001 ccrr.L
453 2950 468 2999 9
484 2943 566 2998 vinos
580 2959 691 3015 aequos¹
724 2950 757 2999 10
771 2943 969 3014 virorumquae
984 2961 1052 3001 corr.
1063 2946 1119 3002 Sch

135 3018 167 3067 11
183 3014 318 3082 acquitib.
387 3012 540 3070 aemitn'eis
613 3014 842 3069 mussitandum
913 3014 996 3069 lateri
1021 3017 1117 3071 vestro

98 3101 167 3141 cerr.
179 3084 213 3141 L.
266 3091 299 3141 13
314 3085 511 3155 adsignaretur
584 3085 683 3140 cohors
696 3086 855 3156 praetoriae
871 3085 985 3155 inpares
999 3088 1117 3156 accepto

97 3154 184 3210 fuerit
235 3162 267 3210 15
282 3155 374 3225 levaq.
429 3155 605 3211 centuriones
621 3157 765 3226 aparibus
804 3164 837 3213 16
848 3154 975 3224 aequites
1013 3158 1118 3213 11111-

97 3226 205 3296 gularis
224 3228 319 3282 autem
337 3244 360 3283 e.
380 3227 487 3283 corr.L
548 3233 582 3282 18
597 3226 731 3298 sintegris
797 3233 829 3282 19
845 3227 882 3282 ad
899 3243 951 3281 nos
970 3243 1039 3283 corr.
1053 3229 1081 3283 L

96 3300 131 3351 ut
149 3297 239 3368 striga
256 3298 358 3356 corr.L
415 3304 450 3354 20
465 3299 509 3352 cst
528 3296 650 3353 sufficiat
668 3298 774 3354 cerr.L
836 3304 868 3353 21
885 3297 969 3353 Illum
1041 3298 1117 3353 latus

96 3385 125 3438 p.
145 3368 163 3424 l.
184 3369 273 3423 actori
292 3386 361 3426 cerr.
372 3369 426 3426 Sele
497 3374 531 3424 23
549 3367 768 3440 primipilarium
787 3369 910 3426 actoriae
974 3374 1010 3424 24
1027 3368 1116 3426 latere

94 3438 231 3509 praeterii
304 3447 337 3495 26
357 3439 468 3496 adtinet
540 3441 571 3495 at
589 3437 684 3493 CCXX
