2446 3984
105 188 128 252 4
505 161 721 245 PRAEFATIO.

104 351 301 418 Aroerianus
324 351 426 416 habet
448 351 613 417 latitudine
628 353 745 434 petrem
759 350 862 439 CXX,
885 353 940 419 sed
957 375 1030 418 oum
1049 353 1119 437 Hy-

105 441 201 525 ginus
229 443 344 525 pergat
371 461 447 507 com
472 441 555 523 quod
579 442 623 505 cd
648 440 843 506 &retudisset
869 443 1049 526 semistre'pe'e‘
1066 465 1121 525 pe·

104 531 179 594 dum
193 529 297 594 XXX
309 531 430 608 attinet,
453 528 562 613 priore
579 531 652 594 loco
670 550 737 595 non
750 535 788 593 de
803 531 986 614 latitudine,
1009 531 1065 596 sed
1080 531 1120 596 de

104 618 310 703 longitudine
325 618 441 702 agitur.
473 617 544 682 lam
558 615 696 683 Goesius
715 617 750 681 in
764 617 897 705 Antiqq.
913 641 1018 705 agrar.
1036 643 1067 704 p.
1078 620 1121 685 95

103 706 190 771 hune
218 707 428 772 manifestum
450 707 576 772 librarii
606 728 748 772 errorem
772 707 965 774 emendavit
1010 707 1122 793 Lange

105 796 235 880 quidem
267 798 302 859 in
334 795 566 861 commentario
598 794 805 881 Hyginianae
838 797 976 863 editioni
1009 797 1121 864 addito

103 907 134 968 p.
146 884 210 950 105
234 885 397 950 latitudine
419 885 547 967 retinet,
571 884 656 968 quod
679 891 843 951 casareae
866 882 924 970 (A)
948 886 1054 970 magis
1080 887 1120 951 ad

104 973 309 1037 latitudinem
328 996 427 1058 quam
441 973 480 1038 ad
494 973 732 1057 longitudinem
745 973 860 1039 referri
874 974 1030 1040 videatur.
1059 973 1121 1039 Sed

103 1083 144 1126 ne
173 1067 338 1127 occurrunt
368 1063 498 1147 quidem
530 1065 617 1127 recte
646 1084 681 1127 se
707 1061 817 1127 habet.
861 1061 937 1128 Non
970 1063 1122 1128 absolute

103 1150 167 1216 dici
189 1154 313 1235 potest:
336 1152 480 1217 tentoria
503 1155 684 1235 occurrunt,
712 1151 843 1216 etiamsi
866 1150 976 1237 Lange
999 1153 1020 1216 l.
1039 1174 1065 1218 o.
1089 1152 1122 1217 id

102 1239 198 1304 nobis
221 1238 415 1324 persuadere
440 1240 518 1305 vult
555 1239 676 1324 Recepi
699 1237 901 1323 ‘decrescunt'²
924 1262 1123 1326 quamquam

102 1334 259 1412 ocemont,
282 1328 367 1411 quod
391 1329 532 1413 scriptor
555 1328 674 1392 codicis
698 1328 727 1392 B
750 1329 785 1393 in
809 1331 956 1412 margine
979 1330 1028 1393 ita
1051 1330 1121 1394 lau·

103 1416 159 1480 dat
182 1415 243 1482 ‘Nf
263 1415 442 1501 oocupant’,
465 1415 630 1481 inlocum
652 1419 801 1480 nostrum
825 1418 947 1500 optime
972 1418 1121 1503 quadrat,

103 1505 158 1569 sed
180 1505 254 1589 ipsa
275 1504 334 1569 illa
354 1508 434 1570 nota
456 1504 646 1588 marginalis
677 1504 757 1568 satis
781 1504 985 1570 demonstrat
1009 1508 1121 1592 genui-

101 1616 179 1658 nam
197 1594 371 1660 leotionem
389 1615 459 1658 esse
474 1591 669 1658 ‘merenti
697 1591 870 1658 Deserere
883 1615 950 1658 non
964 1595 1121 1660 abhorret

102 1683 144 1746 ab
168 1682 428 1767 agrimensorum
446 1703 604 1767 sermone,
626 1680 738 1766 Lange
757 1682 827 1766 ipse
846 1683 867 1747 l.
881 1705 907 1748 c.
927 1683 1021 1748 affert
1035 1683 1121 1769 Agg.

101 1769 182 1835 Urb.
204 1793 235 1855 p.
254 1771 297 1836 46
321 1770 472 1837 editionis
495 1770 788 1837 Lachmannianae.

190 1861 338 1941 quonium
365 1861 520 1924 coniuncti
547 1861 689 1940 madunt]
724 1858 894 1924 Arceriani
923 1859 1121 1944 scripturam

101 1968 170 2014 eum
201 1949 464 2032 eouprccteaderet
488 1946 600 2032 Lange
632 1947 667 2012 in
697 1947 784 2011 hunc
815 1949 947 2013 modum
979 1949 1122 2013 mutavit

100 2057 171 2102 cum
192 2037 466 2120 comproeteadoct.
504 2033 565 2102 Sed
583 2035 654 2120 ipse
673 2035 855 2121 confitetur,
878 2037 1013 2101 verbum
1033 2058 1121 2101 oom-

100 2126 311 2209 praetendere
335 2147 404 2191 esse
430 2119 485 2189 ἆπ.
509 2123 696 2211 εἰρημένον.
742 2125 836 2203 Quod
860 2125 927 2190 eius
951 2125 1122 2190 notionem

101 2215 270 2367 {llll
285 2214 721 2385 ttssttstsdtbtttt·
732 2215 815 2366 1102}
829 2213 1122 2385 ‹ttlltttttt

501 2352 510 2386 7

93 2411 175 2473 prae
197 2388 333 2455 eandem
356 2390 523 2455 notionem
546 2389 684 2454 localem
701 2387 822 2453 habere
843 2386 999 2475 (verber),
1022 2413 1121 2474 quam

99 2478 202 2543 habet
219 2479 255 2542 in
273 2479 373 2544 verbo
381 2477 633 2561 praeduceudi'?
665 2476 789 2543 Contra
806 2479 1019 2561 praetendere
1034 2480 1121 2562 apud

99 2565 270 2652 Hyginum
295 2567 460 2652 significat
482 2567 518 2630 in
541 2566 704 2632 anteriore
728 2568 911 2631 castrorum
933 2572 1027 2650 parte
1050 2571 1121 2632 ten·

101 2655 185 2736 dere,
205 2676 288 2740 quae
305 2654 380 2720 inde
393 2658 606 2741 praetentura
619 2658 764 2739 vocatur,
786 2657 823 2719 ut
836 2655 1005 2721 retendere
1021 2655 1122 2740 signi-

100 2744 178 2810 fleat
200 2743 234 2809 in
257 2747 425 2809 retentura
443 2743 574 2809 tendere
598 2743 638 2809 of.
652 2747 782 2828 praeter
795 2743 918 2808 multos
934 2744 1016 2808 alios
1030 2745 1120 2808 locos

100 2854 126 2898 o.
144 2833 189 2898 24
202 2833 244 2898 in.
269 2831 499 2917 ‘praetendunt
520 2833 603 2898 alae'
628 2835 661 2896 et
680 2831 779 2897 25111.
803 2830 987 2898 ‘retendunt
1005 2832 1119 2897 eohor-

99 2925 150 2986 tes
174 2920 360 3006 equitatae'.
400 2921 560 2999 Quoniam
575 2920 727 3007 Hyginus
749 2921 786 2985 in
807 2921 913 3006 primo
938 2921 1045 3004 capite
1064 2943 1119 2985 ne·

100 3031 162 3094 que
182 3009 220 3073 de
238 3012 449 3093 praetentura
465 3032 571 3094 neque
590 3009 629 3074 de
647 3010 716 3075 ulla
734 3010 798 3075 alia
819 3013 998 3075 castrorum
1023 3013 1118 3093 parte

98 3097 254 3184 loquitur,
282 3102 393 3184 aperte
419 3098 539 3164 falsum
567 3103 618 3164 est
639 3099 889 3185 ooaproetendere
918 3119 977 3162 nee
1000 3098 1118 3180 minus

99 3187 134 3251 id
157 3188 241 3272 quod
265 3185 401 3253 Goesius
423 3187 445 3252 l.
463 3208 489 3252 c.
512 3210 543 3271 p.
562 3187 605 3253 95
628 3188 821 3271 postulavit,
848 3191 954 3252 cocto
972 3191 1117 3268 praetec-

99 3276 179 3354 uere,
217 3277 273 3341 sed
300 3275 501 3342 desideratur
528 3276 666 3361 simplex
693 3276 819 3341 tendere.
869 3273 932 3340 Sed
962 3275 1039 3361 quid
1071 3276 1111 3339 de

98 3364 219 3428 litteris
243 3365 508 3431 antecedentibus
537 3365 615 3431 fiet?
660 3363 772 3431 Nexus
801 3365 1037 3430 sententiarum
1067 3386 1116 3429 re·

100 3452 213 3537 quirit,
249 3457 286 3518 ut
318 3454 413 3520 binas
446 3455 609 3521 centurias
650 3477 716 3520 una
750 3453 940 3538 tetendisse,
977 3453 1115 3518 alteram
