<?xml version="1.0" encoding="UTF-8"?>
<!DOCTYPE html PUBLIC "-//W3C//DTD XHTML 1.0 Transitional//EN"
    "http://www.w3.org/TR/xhtml1/DTD/xhtml1-transitional.dtd">
<html xmlns="http://www.w3.org/1999/xhtml" xml:lang="en" lang="en">
 <head>
  <title>
</title>
<meta http-equiv="Content-Type" content="text/html;charset=utf-8" />
  <meta name='ocr-system' content='tesseract 3.04.00' />
  <meta name='ocr-capabilities' content='ocr_page ocr_carea ocr_par ocr_line ocrx_word'/>
</head>
<body>
  <div class='ocr_page' id='page_1' title='image "./hyginigromatici00gemogoog_0020.png"; bbox 0 0 2454 3976; ppageno 0'>
   <div class='ocr_carea' id='block_1_1' title="bbox 457 216 1077 282">
    <p class='ocr_par' dir='ltr' id='par_1_1' title="bbox 457 216 1077 282">
     <span class='ocr_line' id='line_1_1' title="bbox 457 216 1077 282; baseline 0.002 -12"><span class='ocrx_word' id='word_1_1' title='bbox 457 216 673 274; x_wconf 77' lang='lat' dir='ltr'><strong>PRAEFATIO.</strong></span> <span class='ocrx_word' id='word_1_2' title='bbox 752 230 757 239; x_wconf 90' lang='grc'><em>’</em></span> <span class='ocrx_word' id='word_1_3' title='bbox 1037 216 1077 282; x_wconf 86' lang='grc'><strong>13</strong></span> 
     </span>
    </p>
   </div>
   <div class='ocr_carea' id='block_1_2' title="bbox 55 379 1080 1000">
    <p class='ocr_par' dir='ltr' id='par_1_2' title="bbox 55 379 1080 822">
     <span class='ocr_line' id='line_1_2' title="bbox 55 379 1079 465; baseline -0.003 -16"><span class='ocrx_word' id='word_1_4' title='bbox 55 380 305 449; x_wconf 82' lang='lat' dir='ltr'>vexillariorum</span> <span class='ocrx_word' id='word_1_5' title='bbox 342 379 513 445; x_wconf 89' lang='lat' dir='ltr'><strong>minimum</strong></span> <span class='ocrx_word' id='word_1_6' title='bbox 555 401 626 445; x_wconf 88' lang='lat' dir='ltr'><strong>esse</strong></span> <span class='ocrx_word' id='word_1_7' title='bbox 666 402 844 445; x_wconf 91' lang='lat' dir='ltr'><strong>numerum.</strong></span> <span class='ocrx_word' id='word_1_8' title='bbox 895 380 999 465; x_wconf 86' lang='lat' dir='ltr'><strong>Atqui</strong></span> <span class='ocrx_word' id='word_1_9' title='bbox 1038 402 1079 446; x_wconf 90' lang='lat' dir='ltr'><strong>ne</strong></span> 
     </span>
     <span class='ocr_line' id='line_1_3' title="bbox 57 468 1080 554; baseline -0.003 -17"><span class='ocrx_word' id='word_1_10' title='bbox 57 471 179 538; x_wconf 81' lang='lat' dir='ltr'><strong>cohors</strong></span> <span class='ocrx_word' id='word_1_11' title='bbox 210 469 341 553; x_wconf 88' lang='lat' dir='ltr'><strong>quidem</strong></span> <span class='ocrx_word' id='word_1_12' title='bbox 371 468 550 553; x_wconf 86' lang='lat' dir='ltr'><strong>legionario</strong></span> <span class='ocrx_word' id='word_1_13' title='bbox 577 469 771 554; x_wconf 88' lang='lat' dir='ltr'><strong>quingentos</strong></span> <span class='ocrx_word' id='word_1_14' title='bbox 799 469 949 534; x_wconf 90' lang='lat' dir='ltr'><strong>homines</strong></span> <span class='ocrx_word' id='word_1_15' title='bbox 979 470 1080 535; x_wconf 89' lang='lat' dir='ltr'><strong>habet</strong></span> 
     </span>
     <span class='ocr_line' id='line_1_4' title="bbox 57 557 1078 642; baseline -0.003 -16"><span class='ocrx_word' id='word_1_16' title='bbox 57 561 98 626; x_wconf 85' lang='lat' dir='ltr'><strong>cf.</strong></span> <span class='ocrx_word' id='word_1_17' title='bbox 124 582 150 625; x_wconf 93' lang='lat' dir='ltr'><strong>c.</strong></span> <span class='ocrx_word' id='word_1_18' title='bbox 172 561 201 642; x_wconf 89' lang='lat'><strong>1,</strong></span> <span class='ocrx_word' id='word_1_19' title='bbox 224 560 347 642; x_wconf 89' lang='lat' dir='ltr'><strong>quanto</strong></span> <span class='ocrx_word' id='word_1_20' title='bbox 366 558 473 621; x_wconf 88' lang='lat' dir='ltr'><strong>minus</strong></span> <span class='ocrx_word' id='word_1_21' title='bbox 492 557 666 622; x_wconf 84' lang='lat' dir='ltr'><strong>vexillarii!</strong></span> <span class='ocrx_word' id='word_1_22' title='bbox 702 557 883 623; x_wconf 77' lang='lat' dir='ltr'>Identidem</span> <span class='ocrx_word' id='word_1_23' title='bbox 907 559 942 623; x_wconf 92' lang='lat' dir='ltr'><strong>in</strong></span> <span class='ocrx_word' id='word_1_24' title='bbox 965 562 1078 624; x_wconf 91' lang='lat' dir='ltr'><strong>nostro</strong></span> 
     </span>
     <span class='ocr_line' id='line_1_5' title="bbox 56 645 1078 731; baseline -0.003 -16"><span class='ocrx_word' id='word_1_25' title='bbox 56 648 188 715; x_wconf 91' lang='lat' dir='ltr'><strong>numeri</strong></span> <span class='ocrx_word' id='word_1_26' title='bbox 211 649 397 730; x_wconf 89' lang='lat' dir='ltr'><strong>occurrunt,</strong></span> <span class='ocrx_word' id='word_1_27' title='bbox 425 667 506 730; x_wconf 88' lang='lat' dir='ltr'><strong>quos</strong></span> <span class='ocrx_word' id='word_1_28' title='bbox 535 652 683 710; x_wconf 87' lang='lat' dir='ltr'><strong>accurate</strong></span> <span class='ocrx_word' id='word_1_29' title='bbox 712 645 854 712; x_wconf 82' lang='lat' dir='ltr'><strong>dividere</strong></span> <span class='ocrx_word' id='word_1_30' title='bbox 877 668 942 712; x_wconf 94' lang='lat' dir='ltr'><strong>non</strong></span> <span class='ocrx_word' id='word_1_31' title='bbox 966 668 1078 731; x_wconf 90' lang='lat' dir='ltr'><strong>possu-</strong></span> 
     </span>
     <span class='ocr_line' id='line_1_6' title="bbox 57 731 774 822; baseline -0.006 -20"><span class='ocrx_word' id='word_1_32' title='bbox 57 760 143 822; x_wconf 86' lang='lat' dir='ltr'><strong>mus,</strong></span> <span class='ocrx_word' id='word_1_33' title='bbox 167 757 265 820; x_wconf 88' lang='lat' dir='ltr'><strong>quare</strong></span> <span class='ocrx_word' id='word_1_34' title='bbox 288 733 319 799; x_wconf 85' lang='grc' dir='ltr'>Α</span> <span class='ocrx_word' id='word_1_35' title='bbox 343 737 471 800; x_wconf 87' lang='lat' dir='ltr'><strong>secutus</strong></span> <span class='ocrx_word' id='word_1_36' title='bbox 495 731 624 800; x_wconf 82' lang='grc'><strong>01000</strong></span> <span class='ocrx_word' id='word_1_37' title='bbox 646 735 774 800; x_wconf 86' lang='lat' dir='ltr'><strong>retinui.</strong></span> 
     </span>
    </p>

    <p class='ocr_par' dir='ltr' id='par_1_3' title="bbox 56 822 1079 1000">
     <span class='ocr_line' id='line_1_7' title="bbox 148 822 1078 910; baseline -0.001 -20"><span class='ocrx_word' id='word_1_38' title='bbox 148 824 281 890; x_wconf 79' lang='lat' dir='ltr'><strong>cobortes</strong></span> <span class='ocrx_word' id='word_1_39' title='bbox 303 825 455 906; x_wconf 71' lang='lat' dir='ltr'><strong>equitatur</strong></span> <span class='ocrx_word' id='word_1_40' title='bbox 476 824 633 888; x_wconf 64' lang='lat' dir='ltr'><strong>miliaque</strong></span> <span class='ocrx_word' id='word_1_41' title='bbox 655 822 736 904; x_wconf 91' lang='grc' dir='ltr'><strong><em>ΙΙΙ]</em></strong></span> <span class='ocrx_word' id='word_1_42' title='bbox 765 822 875 910; x_wconf 85' lang='lat' dir='ltr'><strong>Lange</strong></span> <span class='ocrx_word' id='word_1_43' title='bbox 903 846 969 890; x_wconf 90' lang='lat' dir='ltr'><strong>non</strong></span> <span class='ocrx_word' id='word_1_44' title='bbox 991 829 1078 889; x_wconf 88' lang='lat' dir='ltr'><strong>recte</strong></span> 
     </span>
     <span class='ocr_line' id='line_1_8' title="bbox 56 911 1079 1000; baseline -0.002 -20"><span class='ocrx_word' id='word_1_45' title='bbox 56 915 150 1000; x_wconf 89' lang='lat' dir='ltr'><strong>legit,</strong></span> <span class='ocrx_word' id='word_1_46' title='bbox 173 914 208 977; x_wconf 93' lang='lat' dir='ltr'><strong>in</strong></span> <span class='ocrx_word' id='word_1_47' title='bbox 231 911 261 976; x_wconf 84' lang='lat' dir='ltr'><strong>A</strong></span> <span class='ocrx_word' id='word_1_48' title='bbox 284 913 500 996; x_wconf 87' lang='lat' dir='ltr'><strong>perscriptum</strong></span> <span class='ocrx_word' id='word_1_49' title='bbox 522 915 573 976; x_wconf 91' lang='lat' dir='ltr'><strong>est</strong></span> <span class='ocrx_word' id='word_1_50' title='bbox 590 911 655 995; x_wconf 91' lang='lat' dir='ltr'><strong>III,</strong></span> <span class='ocrx_word' id='word_1_51' title='bbox 679 916 899 977; x_wconf 74' lang='lat' dir='ltr'><strong>atramentum</strong></span> <span class='ocrx_word' id='word_1_52' title='bbox 922 913 957 977; x_wconf 90' lang='lat' dir='ltr'><strong>in</strong></span> <span class='ocrx_word' id='word_1_53' title='bbox 980 913 1079 978; x_wconf 86' lang='lat' dir='ltr'><strong>tertia</strong></span> 
     </span>
    </p>
   </div>
   <div class='ocr_carea' id='block_1_3' title="bbox 40 999 1154 3565">
    <p class='ocr_par' dir='ltr' id='par_1_4' title="bbox 40 999 1079 1336">
     <span class='ocr_line' id='line_1_9' title="bbox 56 999 1078 1085; baseline -0.001 -17"><span class='ocrx_word' id='word_1_54' title='bbox 56 1005 148 1068; x_wconf 86' lang='lat' dir='ltr'><strong>linea</strong></span> <span class='ocrx_word' id='word_1_55' title='bbox 170 1002 277 1066; x_wconf 90' lang='lat' dir='ltr'><strong>minus</strong></span> <span class='ocrx_word' id='word_1_56' title='bbox 301 1001 431 1085; x_wconf 90' lang='lat' dir='ltr'><strong>nigrum</strong></span> <span class='ocrx_word' id='word_1_57' title='bbox 459 1003 522 1082; x_wconf 88' lang='lat' dir='ltr'><strong>est,</strong></span> <span class='ocrx_word' id='word_1_58' title='bbox 555 999 611 1064; x_wconf 89' lang='lat' dir='ltr'><strong>sed</strong></span> <span class='ocrx_word' id='word_1_59' title='bbox 639 1001 758 1065; x_wconf 91' lang='lat' dir='ltr'><strong>lineam</strong></span> <span class='ocrx_word' id='word_1_60' title='bbox 785 1002 893 1085; x_wconf 80' lang='lat' dir='ltr'><strong>ipsam</strong></span> <span class='ocrx_word' id='word_1_61' title='bbox 921 1003 1007 1067; x_wconf 91' lang='lat' dir='ltr'><strong>clare</strong></span> <span class='ocrx_word' id='word_1_62' title='bbox 1031 1023 1078 1067; x_wconf 91' lang='lat' dir='ltr'><strong>re-</strong></span> 
     </span>
     <span class='ocr_line' id='line_1_10' title="bbox 40 1087 1078 1180; baseline -0.004 -22"><span class='ocrx_word' id='word_1_63' title='bbox 40 1091 201 1180; x_wconf 71' lang='lat' dir='ltr'><strong>cognovi</strong></span> <span class='ocrx_word' id='word_1_64' title='bbox 224 1091 259 1154; x_wconf 93' lang='lat' dir='ltr'><strong>in</strong></span> <span class='ocrx_word' id='word_1_65' title='bbox 282 1088 481 1154; x_wconf 79' lang='lat' dir='ltr'><strong>bibliotheca</strong></span> <span class='ocrx_word' id='word_1_66' title='bbox 499 1087 756 1172; x_wconf 81' lang='lat' dir='ltr'><strong>Guelferbytana</strong></span> <span class='ocrx_word' id='word_1_67' title='bbox 773 1090 984 1155; x_wconf 89' lang='lat' dir='ltr'><strong>Arcerianum</strong></span> <span class='ocrx_word' id='word_1_68' title='bbox 1008 1112 1078 1174; x_wconf 89' lang='lat' dir='ltr'><strong>per·</strong></span> 
     </span>
     <span class='ocr_line' id='line_1_11' title="bbox 60 1177 1079 1264; baseline -0.002 -18"><span class='ocrx_word' id='word_1_69' title='bbox 60 1184 220 1246; x_wconf 91' lang='lat' dir='ltr'><strong>scrutans.</strong></span> <span class='ocrx_word' id='word_1_70' title='bbox 265 1178 451 1256; x_wconf 88' lang='lat' dir='ltr'><strong>Praeterea,</strong></span> <span class='ocrx_word' id='word_1_71' title='bbox 481 1177 509 1242; x_wconf 85' lang='lat' dir='ltr'><strong>si</strong></span> <span class='ocrx_word' id='word_1_72' title='bbox 538 1177 680 1260; x_wconf 90' lang='lat' dir='ltr'><strong>amplius</strong></span> <span class='ocrx_word' id='word_1_73' title='bbox 707 1178 847 1243; x_wconf 86' lang='lat' dir='ltr'><strong>testibus</strong></span> <span class='ocrx_word' id='word_1_74' title='bbox 875 1200 956 1262; x_wconf 90' lang='lat' dir='ltr'><strong>opus</strong></span> <span class='ocrx_word' id='word_1_75' title='bbox 985 1182 1079 1264; x_wconf 89' lang='lat' dir='ltr'><strong>esset,</strong></span> 
     </span>
     <span class='ocr_line' id='line_1_12' title="bbox 59 1264 734 1336; baseline -0.006 -1"><span class='ocrx_word' id='word_1_76' title='bbox 59 1269 184 1336; x_wconf 87' lang='lat' dir='ltr'><strong>codices</strong></span> <span class='ocrx_word' id='word_1_77' title='bbox 207 1267 235 1331; x_wconf 92' lang='lat' dir='ltr'>B</span> <span class='ocrx_word' id='word_1_78' title='bbox 259 1270 293 1332; x_wconf 89' lang='lat' dir='ltr'><strong>et</strong></span> <span class='ocrx_word' id='word_1_79' title='bbox 316 1264 341 1331; x_wconf 98' lang='grc'><strong>0</strong></span> <span class='ocrx_word' id='word_1_80' title='bbox 363 1270 477 1331; x_wconf 88' lang='lat' dir='ltr'><strong>notam</strong></span> <span class='ocrx_word' id='word_1_81' title='bbox 500 1264 549 1329; x_wconf 90' lang='grc' dir='ltr'><strong>ΙΠ</strong></span> <span class='ocrx_word' id='word_1_82' title='bbox 572 1265 734 1331; x_wconf 77' lang='lat' dir='ltr'><strong>exhibent.</strong></span> 
     </span>
    </p>

    <p class='ocr_par' dir='ltr' id='par_1_5' title="bbox 55 1353 1154 3565">
     <span class='ocr_line' id='line_1_13' title="bbox 148 1353 1080 1446; baseline 0 -25"><span class='ocrx_word' id='word_1_83' title='bbox 148 1378 174 1422; x_wconf 90' lang='lat' dir='ltr'><strong>c.</strong></span> <span class='ocrx_word' id='word_1_84' title='bbox 193 1354 244 1421; x_wconf 85' lang='lat'><strong>35.</strong></span> <span class='ocrx_word' id='word_1_85' title='bbox 282 1353 361 1421; x_wconf 78' lang='lat' dir='ltr'><strong>Oura</strong></span> <span class='ocrx_word' id='word_1_86' title='bbox 381 1355 537 1437; x_wconf 79' lang='lat' dir='ltr'><strong>pedatura</strong></span> <span class='ocrx_word' id='word_1_87' title='bbox 571 1355 805 1446; x_wconf 74' lang='lat' dir='ltr'><strong>valetudinarii,</strong></span> <span class='ocrx_word' id='word_1_88' title='bbox 837 1356 1017 1421; x_wconf 75' lang='lat' dir='ltr'><strong>veterinarii</strong></span> <span class='ocrx_word' id='word_1_89' title='bbox 1049 1361 1080 1421; x_wconf 82' lang='lat' dir='ltr'><strong>et</strong></span> 
     </span>
     <span class='ocr_line' id='line_1_14' title="bbox 56 1442 1077 1528; baseline -0.004 -16"><span class='ocrx_word' id='word_1_90' title='bbox 56 1446 210 1528; x_wconf 72' lang='lat' dir='ltr'><strong>fabricae,</strong></span> <span class='ocrx_word' id='word_1_91' title='bbox 242 1465 320 1527; x_wconf 83' lang='lat' dir='ltr'><strong>quac</strong></span> <span class='ocrx_word' id='word_1_92' title='bbox 347 1445 383 1508; x_wconf 79' lang='lat' dir='ltr'><strong>ia</strong></span> <span class='ocrx_word' id='word_1_93' title='bbox 409 1463 508 1508; x_wconf 79' lang='lat' dir='ltr'><strong>ouum</strong></span> <span class='ocrx_word' id='word_1_94' title='bbox 534 1445 578 1508; x_wconf 85' lang='lat' dir='ltr'><strong>cd</strong></span> <span class='ocrx_word' id='word_1_95' title='bbox 598 1442 661 1509; x_wconf 81' lang='lat' dir='ltr'><strong>Do</strong></span> <span class='ocrx_word' id='word_1_96' title='bbox 685 1443 822 1509; x_wconf 78' lang='lat' dir='ltr'><strong>homiues</strong></span> <span class='ocrx_word' id='word_1_97' title='bbox 844 1447 1077 1527; x_wconf 64' lang='lat' dir='ltr'><strong>conputantur]</strong></span> 
     </span>
     <span class='ocr_line' id='line_1_15' title="bbox 58 1529 1079 1618; baseline -0.002 -19"><span class='ocrx_word' id='word_1_98' title='bbox 58 1534 173 1618; x_wconf 88' lang='lat' dir='ltr'><strong>Lange</strong></span> <span class='ocrx_word' id='word_1_99' title='bbox 195 1556 225 1617; x_wconf 91' lang='lat' dir='ltr'><strong>p.</strong></span> <span class='ocrx_word' id='word_1_100' title='bbox 248 1534 311 1598; x_wconf 88' lang='grc'><strong>186</strong></span> <span class='ocrx_word' id='word_1_101' title='bbox 335 1554 505 1597; x_wconf 91' lang='lat' dir='ltr'><strong>numerum</strong></span> <span class='ocrx_word' id='word_1_102' title='bbox 528 1529 600 1615; x_wconf 81' lang='lat' dir='ltr'><strong>Do,</strong></span> <span class='ocrx_word' id='word_1_103' title='bbox 622 1533 679 1616; x_wconf 90' lang='lat' dir='ltr'><strong>qui</strong></span> <span class='ocrx_word' id='word_1_104' title='bbox 701 1533 736 1596; x_wconf 91' lang='lat' dir='ltr'><strong>in</strong></span> <span class='ocrx_word' id='word_1_105' title='bbox 755 1531 785 1596; x_wconf 84' lang='lat' dir='ltr'><strong>A</strong></span> <span class='ocrx_word' id='word_1_106' title='bbox 809 1535 925 1617; x_wconf 86' lang='lat' dir='ltr'><strong>exstat,</strong></span> <span class='ocrx_word' id='word_1_107' title='bbox 954 1533 1079 1616; x_wconf 76' lang='lat' dir='ltr'><strong>‘utique</strong></span> 
     </span>
     <span class='ocr_line' id='line_1_16' title="bbox 59 1619 1078 1705; baseline -0.003 -17"><span class='ocrx_word' id='word_1_108' title='bbox 59 1620 262 1705; x_wconf 87' lang='lat' dir='ltr'><strong>corruptum&#39;</strong></span> <span class='ocrx_word' id='word_1_109' title='bbox 281 1642 352 1686; x_wconf 80' lang='lat' dir='ltr'><strong>esse</strong></span> <span class='ocrx_word' id='word_1_110' title='bbox 371 1620 536 1704; x_wconf 87' lang='lat' dir='ltr'><strong>iudicavit,</strong></span> <span class='ocrx_word' id='word_1_111' title='bbox 560 1626 758 1705; x_wconf 90' lang='lat' dir='ltr'><strong>quapropter</strong></span> <span class='ocrx_word' id='word_1_112' title='bbox 772 1619 828 1686; x_wconf 82' lang='lat' dir='ltr'><strong>OD</strong></span> <span class='ocrx_word' id='word_1_113' title='bbox 843 1621 982 1705; x_wconf 86' lang='lat' dir='ltr'><strong>scripsit.</strong></span> <span class='ocrx_word' id='word_1_114' title='bbox 1015 1619 1078 1686; x_wconf 83' lang='lat' dir='ltr'><strong>Sed</strong></span> 
     </span>
     <span class='ocr_line' id='line_1_17' title="bbox 57 1708 1078 1796; baseline -0.001 -20"><span class='ocrx_word' id='word_1_115' title='bbox 57 1712 203 1796; x_wconf 89' lang='lat' dir='ltr'><strong>primum</strong></span> <span class='ocrx_word' id='word_1_116' title='bbox 227 1710 295 1775; x_wconf 92' lang='lat' dir='ltr'><strong>eius</strong></span> <span class='ocrx_word' id='word_1_117' title='bbox 319 1709 466 1792; x_wconf 90' lang='lat' dir='ltr'><strong>opinioni</strong></span> <span class='ocrx_word' id='word_1_118' title='bbox 493 1712 678 1794; x_wconf 82' lang='lat' dir='ltr'><strong>repugnant</strong></span> <span class='ocrx_word' id='word_1_119' title='bbox 703 1710 803 1774; x_wconf 87' lang='lat' dir='ltr'><strong>verba</strong></span> <span class='ocrx_word' id='word_1_120' title='bbox 826 1731 852 1774; x_wconf 91' lang='lat' dir='ltr'><strong>c.</strong></span> <span class='ocrx_word' id='word_1_121' title='bbox 871 1711 893 1773; x_wconf 91' lang='lat'>4</span> <span class='ocrx_word' id='word_1_122' title='bbox 917 1732 964 1776; x_wconf 91' lang='lat' dir='ltr'><strong>ex.</strong></span> <span class='ocrx_word' id='word_1_123' title='bbox 988 1708 1078 1794; x_wconf 79' lang='lat' dir='ltr'><strong>‘quo-</strong></span> 
     </span>
     <span class='ocr_line' id='line_1_18' title="bbox 56 1795 1078 1885; baseline 0 -21"><span class='ocrx_word' id='word_1_124' title='bbox 56 1822 132 1864; x_wconf 90' lang='lat' dir='ltr'><strong>rum</strong></span> <span class='ocrx_word' id='word_1_125' title='bbox 155 1797 268 1885; x_wconf 85' lang='lat' dir='ltr'><strong>(valet.</strong></span> <span class='ocrx_word' id='word_1_126' title='bbox 282 1802 381 1864; x_wconf 83' lang='lat' dir='ltr'><strong>veter.</strong></span> <span class='ocrx_word' id='word_1_127' title='bbox 395 1795 554 1883; x_wconf 82' lang='lat' dir='ltr'><strong>fabricae)</strong></span> <span class='ocrx_word' id='word_1_128' title='bbox 578 1796 737 1881; x_wconf 86' lang='lat' dir='ltr'><strong>pedatura</strong></span> <span class='ocrx_word' id='word_1_129' title='bbox 757 1799 793 1863; x_wconf 80' lang='lat' dir='ltr'><strong>io</strong></span> <span class='ocrx_word' id='word_1_130' title='bbox 810 1798 950 1881; x_wconf 70' lang='lat' dir='ltr'><strong>stapulas</strong></span> <span class='ocrx_word' id='word_1_131' title='bbox 967 1799 1078 1881; x_wconf 80' lang='lat' dir='ltr'><strong>species</strong></span> 
     </span>
     <span class='ocr_line' id='line_1_19' title="bbox 57 1883 1077 1970; baseline -0.003 -17"><span class='ocrx_word' id='word_1_132' title='bbox 57 1889 100 1954; x_wconf 90' lang='lat' dir='ltr'><strong>ad</strong></span> <span class='ocrx_word' id='word_1_133' title='bbox 123 1887 272 1952; x_wconf 90' lang='lat' dir='ltr'><strong>homines</strong></span> <span class='ocrx_word' id='word_1_134' title='bbox 296 1883 349 1951; x_wconf 92' lang='grc'><strong>00</strong></span> <span class='ocrx_word' id='word_1_135' title='bbox 374 1887 458 1951; x_wconf 90' lang='lat' dir='ltr'><strong>solet</strong></span> <span class='ocrx_word' id='word_1_136' title='bbox 481 1885 685 1970; x_wconf 89' lang='lat' dir='ltr'><strong>computari’,</strong></span> <span class='ocrx_word' id='word_1_137' title='bbox 712 1908 795 1970; x_wconf 88' lang='lat' dir='ltr'><strong>quae</strong></span> <span class='ocrx_word' id='word_1_138' title='bbox 821 1909 887 1951; x_wconf 94' lang='lat' dir='ltr'><strong>non</strong></span> <span class='ocrx_word' id='word_1_139' title='bbox 911 1888 1007 1952; x_wconf 90' lang='lat' dir='ltr'><strong>aliter</strong></span> <span class='ocrx_word' id='word_1_140' title='bbox 1029 1889 1077 1950; x_wconf 93' lang='lat' dir='ltr'><strong>in-</strong></span> 
     </span>
     <span class='ocr_line' id='line_1_20' title="bbox 58 1973 1079 2061; baseline 0 -21"><span class='ocrx_word' id='word_1_141' title='bbox 58 1976 173 2061; x_wconf 85' lang='lat' dir='ltr'><strong>tellegi</strong></span> <span class='ocrx_word' id='word_1_142' title='bbox 195 1977 345 2059; x_wconf 88' lang='lat' dir='ltr'><strong>possunt,</strong></span> <span class='ocrx_word' id='word_1_143' title='bbox 371 1975 437 2039; x_wconf 90' lang='lat' dir='ltr'><strong>nisi</strong></span> <span class='ocrx_word' id='word_1_144' title='bbox 459 1977 496 2040; x_wconf 90' lang='lat' dir='ltr'><strong>ut</strong></span> <span class='ocrx_word' id='word_1_145' title='bbox 510 1974 553 2039; x_wconf 88' lang='lat' dir='ltr'><strong>&#39;in</strong></span> <span class='ocrx_word' id='word_1_146' title='bbox 575 1997 675 2040; x_wconf 90' lang='lat' dir='ltr'><strong>unum</strong></span> <span class='ocrx_word' id='word_1_147' title='bbox 703 1975 743 2039; x_wconf 88' lang='lat' dir='ltr'><strong>ad</strong></span> <span class='ocrx_word' id='word_1_148' title='bbox 765 1973 825 2040; x_wconf 82' lang='lat' dir='ltr'><strong>Dc</strong></span> <span class='ocrx_word' id='word_1_149' title='bbox 848 1975 1010 2059; x_wconf 87' lang='lat' dir='ltr'><strong>homines,</strong></span> <span class='ocrx_word' id='word_1_150' title='bbox 1042 1979 1079 2040; x_wconf 92' lang='lat' dir='ltr'><strong>ut</strong></span> 
     </span>
     <span class='ocr_line' id='line_1_21' title="bbox 57 2063 1077 2146; baseline -0.002 -17"><span class='ocrx_word' id='word_1_151' title='bbox 57 2068 172 2131; x_wconf 90' lang='lat' dir='ltr'><strong>nostro</strong></span> <span class='ocrx_word' id='word_1_152' title='bbox 197 2064 267 2128; x_wconf 92' lang='lat' dir='ltr'><strong>loco</strong></span> <span class='ocrx_word' id='word_1_153' title='bbox 290 2063 413 2128; x_wconf 86' lang='lat' dir='ltr'><strong>factum</strong></span> <span class='ocrx_word' id='word_1_154' title='bbox 437 2066 500 2146; x_wconf 88' lang='lat' dir='ltr'><strong>est,</strong></span> <span class='ocrx_word' id='word_1_155' title='bbox 524 2067 759 2146; x_wconf 89' lang='lat' dir='ltr'><strong>computentur.</strong></span> <span class='ocrx_word' id='word_1_156' title='bbox 796 2063 920 2128; x_wconf 87' lang='lat' dir='ltr'><strong>Deinde</strong></span> <span class='ocrx_word' id='word_1_157' title='bbox 939 2065 974 2129; x_wconf 93' lang='lat' dir='ltr'><strong>in</strong></span> <span class='ocrx_word' id='word_1_158' title='bbox 993 2084 1077 2129; x_wconf 90' lang='lat' dir='ltr'><strong>corn-</strong></span> 
     </span>
     <span class='ocr_line' id='line_1_22' title="bbox 57 2150 1078 2237; baseline -0.002 -18"><span class='ocrx_word' id='word_1_159' title='bbox 57 2153 229 2237; x_wconf 88' lang='lat' dir='ltr'><strong>putatione</strong></span> <span class='ocrx_word' id='word_1_160' title='bbox 248 2152 424 2237; x_wconf 90' lang='lat' dir='ltr'><strong>copiarum,</strong></span> <span class='ocrx_word' id='word_1_161' title='bbox 444 2151 578 2235; x_wconf 88' lang='lat' dir='ltr'><strong>quaein</strong></span> <span class='ocrx_word' id='word_1_162' title='bbox 596 2155 806 2235; x_wconf 89' lang='lat' dir='ltr'><strong>praetentura</strong></span> <span class='ocrx_word' id='word_1_163' title='bbox 824 2150 970 2237; x_wconf 88' lang='lat' dir='ltr'><strong>tendunt,</strong></span> <span class='ocrx_word' id='word_1_164' title='bbox 992 2173 1078 2217; x_wconf 89' lang='lat' dir='ltr'><strong>erro-</strong></span> 
     </span>
     <span class='ocr_line' id='line_1_23' title="bbox 58 2237 1077 2324; baseline -0.002 -17"><span class='ocrx_word' id='word_1_165' title='bbox 58 2264 128 2307; x_wconf 87' lang='lat' dir='ltr'><strong>rem</strong></span> <span class='ocrx_word' id='word_1_166' title='bbox 152 2242 325 2306; x_wconf 91' lang='lat' dir='ltr'><strong>commisit.</strong></span> <span class='ocrx_word' id='word_1_167' title='bbox 367 2237 493 2305; x_wconf 84' lang='lat' dir='ltr'><strong>Oohors</strong></span> <span class='ocrx_word' id='word_1_168' title='bbox 516 2239 624 2324; x_wconf 89' lang='lat' dir='ltr'><strong>prima</strong></span> <span class='ocrx_word' id='word_1_169' title='bbox 645 2260 712 2304; x_wconf 87' lang='lat' dir='ltr'><strong>non</strong></span> <span class='ocrx_word' id='word_1_170' title='bbox 735 2240 775 2305; x_wconf 92' lang='lat' dir='ltr'><strong>ad</strong></span> <span class='ocrx_word' id='word_1_171' title='bbox 799 2238 938 2324; x_wconf 79' lang='grc'><strong>01000,</strong></span> <span class='ocrx_word' id='word_1_172' title='bbox 961 2240 1017 2306; x_wconf 90' lang='lat' dir='ltr'><strong>sed</strong></span> <span class='ocrx_word' id='word_1_173' title='bbox 1037 2240 1077 2305; x_wconf 90' lang='lat' dir='ltr'><strong>ad</strong></span> 
     </span>
     <span class='ocr_line' id='line_1_24' title="bbox 59 2328 1077 2414; baseline -0.002 -18"><span class='ocrx_word' id='word_1_174' title='bbox 59 2329 130 2397; x_wconf 81' lang='grc'><strong>010</strong></span> <span class='ocrx_word' id='word_1_175' title='bbox 163 2329 311 2394; x_wconf 87' lang='lat' dir='ltr'><strong>homines</strong></span> <span class='ocrx_word' id='word_1_176' title='bbox 344 2331 559 2413; x_wconf 90' lang='lat' dir='ltr'><strong>computatur.</strong></span> <span class='ocrx_word' id='word_1_177' title='bbox 615 2328 708 2405; x_wconf 82' lang='lat' dir='ltr'><strong>Quod</strong></span> <span class='ocrx_word' id='word_1_178' title='bbox 738 2328 835 2394; x_wconf 85' lang='lat' dir='ltr'><strong>facile</strong></span> <span class='ocrx_word' id='word_1_179' title='bbox 864 2329 1017 2414; x_wconf 85' lang='lat' dir='ltr'><strong>elucebit,</strong></span> <span class='ocrx_word' id='word_1_180' title='bbox 1049 2330 1077 2394; x_wconf 86' lang='lat' dir='ltr'><strong>si</strong></span> 
     </span>
     <span class='ocr_line' id='line_1_25' title="bbox 59 2417 1077 2501; baseline -0.002 -18"><span class='ocrx_word' id='word_1_181' title='bbox 59 2418 228 2484; x_wconf 89' lang='lat' dir='ltr'><strong>cohortem</strong></span> <span class='ocrx_word' id='word_1_182' title='bbox 255 2417 437 2501; x_wconf 81' lang='lat' dir='ltr'><strong>peditatum</strong></span> <span class='ocrx_word' id='word_1_183' title='bbox 460 2417 707 2501; x_wconf 83' lang='lat' dir='ltr'><strong>quingenariam</strong></span> <span class='ocrx_word' id='word_1_184' title='bbox 738 2421 771 2483; x_wconf 89' lang='lat' dir='ltr'><strong>et</strong></span> <span class='ocrx_word' id='word_1_185' title='bbox 798 2418 975 2483; x_wconf 87' lang='lat' dir='ltr'><strong>miliariam</strong></span> <span class='ocrx_word' id='word_1_186' title='bbox 1005 2439 1077 2482; x_wconf 86' lang='lat' dir='ltr'><strong>oon-</strong></span> 
     </span>
     <span class='ocr_line' id='line_1_26' title="bbox 58 2505 1076 2591; baseline -0.002 -19"><span class='ocrx_word' id='word_1_187' title='bbox 58 2506 317 2572; x_wconf 86' lang='lat' dir='ltr'><strong>sideraverimus.</strong></span> <span class='ocrx_word' id='word_1_188' title='bbox 363 2505 560 2571; x_wconf 86' lang='lat' dir='ltr'><strong>Vexillarios</strong></span> <span class='ocrx_word' id='word_1_189' title='bbox 588 2505 742 2591; x_wconf 89' lang='lat' dir='ltr'><strong>legionis,</strong></span> <span class='ocrx_word' id='word_1_190' title='bbox 775 2506 925 2572; x_wconf 88' lang='lat' dir='ltr'><strong>cohortes</strong></span> <span class='ocrx_word' id='word_1_191' title='bbox 952 2506 1076 2590; x_wconf 89' lang='lat' dir='ltr'><strong>pedita-</strong></span> 
     </span>
     <span class='ocr_line' id='line_1_27' title="bbox 55 2594 1076 2680; baseline -0.001 -19"><span class='ocrx_word' id='word_1_192' title='bbox 55 2601 127 2661; x_wconf 90' lang='lat' dir='ltr'><strong>tam</strong></span> <span class='ocrx_word' id='word_1_193' title='bbox 144 2595 393 2680; x_wconf 88' lang='lat' dir='ltr'><strong>quingenariam</strong></span> <span class='ocrx_word' id='word_1_194' title='bbox 416 2598 450 2659; x_wconf 90' lang='lat' dir='ltr'><strong>et</strong></span> <span class='ocrx_word' id='word_1_195' title='bbox 468 2594 683 2678; x_wconf 88' lang='lat' dir='ltr'><strong>legionariam</strong></span> <span class='ocrx_word' id='word_1_196' title='bbox 702 2617 741 2658; x_wconf 90' lang='lat' dir='ltr'><strong>ex</strong></span> <span class='ocrx_word' id='word_1_197' title='bbox 760 2616 863 2678; x_wconf 89' lang='lat' dir='ltr'><strong>aequo</strong></span> <span class='ocrx_word' id='word_1_198' title='bbox 885 2595 1076 2660; x_wconf 86' lang='lat' dir='ltr'><strong>aestimatas</strong></span> 
     </span>
     <span class='ocr_line' id='line_1_28' title="bbox 56 2682 1076 2767; baseline -0.002 -19"><span class='ocrx_word' id='word_1_199' title='bbox 56 2705 129 2749; x_wconf 87' lang='lat' dir='ltr'><strong>esse</strong></span> <span class='ocrx_word' id='word_1_200' title='bbox 152 2683 311 2767; x_wconf 90' lang='lat' dir='ltr'><strong>probatur</strong></span> <span class='ocrx_word' id='word_1_201' title='bbox 334 2705 359 2748; x_wconf 92' lang='lat' dir='ltr'><strong>c.</strong></span> <span class='ocrx_word' id='word_1_202' title='bbox 378 2684 414 2764; x_wconf 87' lang='lat'><strong>4,</strong></span> <span class='ocrx_word' id='word_1_203' title='bbox 445 2683 502 2747; x_wconf 91' lang='lat' dir='ltr'><strong>ubi</strong></span> <span class='ocrx_word' id='word_1_204' title='bbox 529 2683 667 2767; x_wconf 91' lang='lat' dir='ltr'><strong>legimus</strong></span> <span class='ocrx_word' id='word_1_205' title='bbox 698 2705 795 2767; x_wconf 85' lang='lat' dir='ltr'><strong>super</strong></span> <span class='ocrx_word' id='word_1_206' title='bbox 822 2682 989 2748; x_wconf 88' lang='lat' dir='ltr'><strong>cohortem</strong></span> <span class='ocrx_word' id='word_1_207' title='bbox 1012 2684 1076 2766; x_wconf 92' lang='lat' dir='ltr'><strong>pri·</strong></span> 
     </span>
     <span class='ocr_line' id='line_1_29' title="bbox 56 2771 1076 2856; baseline -0.002 -18"><span class='ocrx_word' id='word_1_208' title='bbox 56 2794 148 2838; x_wconf 90' lang='lat' dir='ltr'><strong>mam</strong></span> <span class='ocrx_word' id='word_1_209' title='bbox 172 2774 205 2835; x_wconf 88' lang='lat' dir='ltr'><strong>et</strong></span> <span class='ocrx_word' id='word_1_210' title='bbox 227 2771 412 2837; x_wconf 83' lang='lat' dir='ltr'><strong>vexillarios</strong></span> <span class='ocrx_word' id='word_1_211' title='bbox 441 2776 474 2835; x_wconf 91' lang='lat' dir='ltr'><strong>et</strong></span> <span class='ocrx_word' id='word_1_212' title='bbox 497 2771 665 2836; x_wconf 91' lang='lat' dir='ltr'><strong>cohortem</strong></span> <span class='ocrx_word' id='word_1_213' title='bbox 691 2771 871 2856; x_wconf 83' lang='lat' dir='ltr'><strong>peditatum</strong></span> <span class='ocrx_word' id='word_1_214' title='bbox 899 2773 1076 2856; x_wconf 85' lang='lat' dir='ltr'><strong>quingena-</strong></span> 
     </span>
     <span class='ocr_line' id='line_1_30' title="bbox 56 2858 1075 2944; baseline 0 -19"><span class='ocrx_word' id='word_1_215' title='bbox 56 2861 141 2925; x_wconf 91' lang='lat' dir='ltr'><strong>riam</strong></span> <span class='ocrx_word' id='word_1_216' title='bbox 166 2863 199 2925; x_wconf 87' lang='lat' dir='ltr'><strong>et</strong></span> <span class='ocrx_word' id='word_1_217' title='bbox 221 2859 436 2944; x_wconf 87' lang='lat' dir='ltr'><strong>legionariam</strong></span> <span class='ocrx_word' id='word_1_218' title='bbox 459 2860 539 2943; x_wconf 89' lang='lat' dir='ltr'><strong>poni</strong></span> <span class='ocrx_word' id='word_1_219' title='bbox 557 2880 661 2943; x_wconf 88' lang='lat' dir='ltr'><strong>posse.</strong></span> <span class='ocrx_word' id='word_1_220' title='bbox 698 2881 724 2925; x_wconf 86' lang='lat' dir='ltr'><strong>o.</strong></span> <span class='ocrx_word' id='word_1_221' title='bbox 743 2859 764 2925; x_wconf 87' lang='lat'>5</span> <span class='ocrx_word' id='word_1_222' title='bbox 783 2861 827 2923; x_wconf 88' lang='lat' dir='ltr'><strong>in.</strong></span> <span class='ocrx_word' id='word_1_223' title='bbox 845 2858 998 2944; x_wconf 85' lang='lat' dir='ltr'><strong>Hyginus</strong></span> <span class='ocrx_word' id='word_1_224' title='bbox 1021 2859 1075 2926; x_wconf 92' lang='lat' dir='ltr'><strong>do·</strong></span> 
     </span>
     <span class='ocr_line' id='line_1_31' title="bbox 58 2948 1075 3034; baseline 0 -20"><span class='ocrx_word' id='word_1_225' title='bbox 58 2952 119 3032; x_wconf 89' lang='lat' dir='ltr'><strong>cet,</strong></span> <span class='ocrx_word' id='word_1_226' title='bbox 133 2948 321 3014; x_wconf 84' lang='lat' dir='ltr'><strong>vexillarios</strong></span> <span class='ocrx_word' id='word_1_227' title='bbox 336 2948 377 3013; x_wconf 91' lang='lat' dir='ltr'><strong>ad</strong></span> <span class='ocrx_word' id='word_1_228' title='bbox 392 2951 601 3014; x_wconf 88' lang='lat' dir='ltr'><strong>sexcentenos</strong></span> <span class='ocrx_word' id='word_1_229' title='bbox 614 2948 764 3014; x_wconf 88' lang='lat' dir='ltr'><strong>homines</strong></span> <span class='ocrx_word' id='word_1_230' title='bbox 778 2949 960 3031; x_wconf 88' lang='lat' dir='ltr'><strong>computari</strong></span> <span class='ocrx_word' id='word_1_231' title='bbox 975 2970 1075 3034; x_wconf 91' lang='lat' dir='ltr'><strong>aeque</strong></span> 
     </span>
     <span class='ocr_line' id='line_1_32' title="bbox 57 3036 1154 3122; baseline -0.002 -19"><span class='ocrx_word' id='word_1_232' title='bbox 57 3059 96 3103; x_wconf 90' lang='lat' dir='ltr'><strong>ac</strong></span> <span class='ocrx_word' id='word_1_233' title='bbox 120 3037 288 3102; x_wconf 87' lang='lat' dir='ltr'><strong>cohortem</strong></span> <span class='ocrx_word' id='word_1_234' title='bbox 311 3036 530 3122; x_wconf 84' lang='lat' dir='ltr'><strong>legionariam.</strong></span> <span class='ocrx_word' id='word_1_235' title='bbox 567 3037 619 3100; x_wconf 90' lang='lat' dir='ltr'><strong>Ad</strong></span> <span class='ocrx_word' id='word_1_236' title='bbox 642 3036 779 3102; x_wconf 88' lang='lat' dir='ltr'><strong>eundem</strong></span> <span class='ocrx_word' id='word_1_237' title='bbox 801 3058 971 3102; x_wconf 88' lang='lat' dir='ltr'><strong>numerum</strong></span> <span class='ocrx_word' id='word_1_238' title='bbox 990 3059 1075 3103; x_wconf 92' lang='lat' dir='ltr'><strong>com·</strong></span> <span class='ocrx_word' id='word_1_239' title='bbox 1149 3093 1154 3101; x_wconf 94' lang='lat'>.</span> 
     </span>
     <span class='ocr_line' id='line_1_33' title="bbox 55 3124 1075 3210; baseline -0.002 -20"><span class='ocrx_word' id='word_1_240' title='bbox 55 3129 192 3210; x_wconf 90' lang='lat' dir='ltr'><strong>putatur</strong></span> <span class='ocrx_word' id='word_1_241' title='bbox 222 3126 339 3191; x_wconf 90' lang='lat' dir='ltr'><strong>cohors</strong></span> <span class='ocrx_word' id='word_1_242' title='bbox 367 3124 513 3208; x_wconf 86' lang='lat' dir='ltr'><strong>peditata</strong></span> <span class='ocrx_word' id='word_1_243' title='bbox 541 3125 768 3209; x_wconf 81' lang='lat' dir='ltr'><strong>quingenario,</strong></span> <span class='ocrx_word' id='word_1_244' title='bbox 800 3126 876 3209; x_wconf 91' lang='lat' dir='ltr'><strong>quia</strong></span> <span class='ocrx_word' id='word_1_245' title='bbox 907 3148 932 3190; x_wconf 91' lang='lat' dir='ltr'><strong>c.</strong></span> <span class='ocrx_word' id='word_1_246' title='bbox 955 3127 997 3190; x_wconf 83' lang='lat'><strong>28</strong></span> <span class='ocrx_word' id='word_1_247' title='bbox 1027 3124 1075 3189; x_wconf 90' lang='lat' dir='ltr'><strong>VI</strong></span> 
     </span>
     <span class='ocr_line' id='line_1_34' title="bbox 58 3212 1075 3297; baseline -0.003 -17"><span class='ocrx_word' id='word_1_248' title='bbox 58 3213 223 3280; x_wconf 88' lang='lat' dir='ltr'><strong>centuriae</strong></span> <span class='ocrx_word' id='word_1_249' title='bbox 255 3215 285 3277; x_wconf 91' lang='lat' dir='ltr'><strong>ei</strong></span> <span class='ocrx_word' id='word_1_250' title='bbox 318 3213 551 3280; x_wconf 89' lang='lat' dir='ltr'><strong>attribuuntur.</strong></span> <span class='ocrx_word' id='word_1_251' title='bbox 602 3212 725 3280; x_wconf 83' lang='lat' dir='ltr'><strong>Contra</strong></span> <span class='ocrx_word' id='word_1_252' title='bbox 756 3215 791 3278; x_wconf 92' lang='lat' dir='ltr'><strong>in</strong></span> <span class='ocrx_word' id='word_1_253' title='bbox 823 3213 935 3278; x_wconf 88' lang='lat' dir='ltr'><strong>eodern</strong></span> <span class='ocrx_word' id='word_1_254' title='bbox 969 3213 1075 3297; x_wconf 90' lang='lat' dir='ltr'><strong>capite</strong></span> 
     </span>
     <span class='ocr_line' id='line_1_35' title="bbox 56 3300 1074 3388; baseline -0.001 -20"><span class='ocrx_word' id='word_1_255' title='bbox 56 3302 209 3388; x_wconf 84' lang='lat' dir='ltr'><strong>traditur,</strong></span> <span class='ocrx_word' id='word_1_256' title='bbox 242 3302 422 3386; x_wconf 81' lang='lat' dir='ltr'><strong>peditatum</strong></span> <span class='ocrx_word' id='word_1_257' title='bbox 454 3302 630 3367; x_wconf 88' lang='lat' dir='ltr'><strong>miliariam</strong></span> <span class='ocrx_word' id='word_1_258' title='bbox 662 3303 693 3366; x_wconf 86' lang='lat' dir='ltr'><strong>X</strong></span> <span class='ocrx_word' id='word_1_259' title='bbox 730 3301 891 3368; x_wconf 88' lang='lat' dir='ltr'><strong>centurias</strong></span> <span class='ocrx_word' id='word_1_260' title='bbox 918 3300 1074 3367; x_wconf 83' lang='lat' dir='ltr'><strong>habuisse</strong></span> 
     </span>
     <span class='ocr_line' id='line_1_36' title="bbox 57 3389 1074 3474; baseline 0 -18"><span class='ocrx_word' id='word_1_261' title='bbox 57 3392 90 3456; x_wconf 90' lang='lat' dir='ltr'><strong>id</strong></span> <span class='ocrx_word' id='word_1_262' title='bbox 118 3396 168 3456; x_wconf 89' lang='lat' dir='ltr'><strong>est</strong></span> <span class='ocrx_word' id='word_1_263' title='bbox 190 3391 367 3455; x_wconf 89' lang='lat' dir='ltr'><strong>miliariam</strong></span> <span class='ocrx_word' id='word_1_264' title='bbox 395 3391 436 3456; x_wconf 88' lang='lat' dir='ltr'><strong>ad</strong></span> <span class='ocrx_word' id='word_1_265' title='bbox 464 3389 533 3461; x_wconf 86' lang='grc'><strong>010</strong></span> <span class='ocrx_word' id='word_1_266' title='bbox 561 3391 710 3455; x_wconf 85' lang='lat' dir='ltr'><strong>homines</strong></span> <span class='ocrx_word' id='word_1_267' title='bbox 741 3392 964 3474; x_wconf 86' lang='lat' dir='ltr'><strong>computatam</strong></span> <span class='ocrx_word' id='word_1_268' title='bbox 994 3412 1074 3457; x_wconf 88' lang='lat' dir='ltr'><strong>esse.</strong></span> 
     </span>
     <span class='ocr_line' id='line_1_37' title="bbox 57 3478 1075 3565; baseline -0.001 -21"><span class='ocrx_word' id='word_1_269' title='bbox 57 3478 148 3546; x_wconf 89' lang='lat' dir='ltr'><strong>Idem</strong></span> <span class='ocrx_word' id='word_1_270' title='bbox 171 3480 258 3546; x_wconf 89' lang='lat' dir='ltr'><strong>cadit</strong></span> <span class='ocrx_word' id='word_1_271' title='bbox 279 3480 314 3544; x_wconf 92' lang='lat' dir='ltr'><strong>in</strong></span> <span class='ocrx_word' id='word_1_272' title='bbox 337 3480 505 3546; x_wconf 89' lang='lat' dir='ltr'><strong>cohortem</strong></span> <span class='ocrx_word' id='word_1_273' title='bbox 528 3480 667 3565; x_wconf 88' lang='lat' dir='ltr'><strong>primam</strong></span> <span class='ocrx_word' id='word_1_274' title='bbox 692 3479 913 3564; x_wconf 86' lang='lat' dir='ltr'><strong>legionariam,</strong></span> <span class='ocrx_word' id='word_1_275' title='bbox 936 3480 970 3545; x_wconf 92' lang='lat' dir='ltr'><strong>id</strong></span> <span class='ocrx_word' id='word_1_276' title='bbox 989 3479 1075 3564; x_wconf 91' lang='lat' dir='ltr'><strong>quod</strong></span> 
     </span>
    </p>
   </div>
   <div class='ocr_carea' id='block_1_4' title="bbox 0 0 1232 3976">
    <p class='ocr_par' dir='ltr' id='par_1_6' title="bbox 0 0 1232 3976">
     <span class='ocr_line' id='line_1_38' title="bbox 0 0 1232 3976; baseline 0 0"><span class='ocrx_word' id='word_1_277' title='bbox 0 0 1232 3976; x_wconf 95' lang='lat' dir='ltr'><strong> </strong></span> 
     </span>
    </p>
   </div>
  </div>
 </body>
</html>
