2454 3976
169 246 213 311 34
610 244 743 300 HYGINI

258 407 311 472 44.
343 406 450 472 Errmt
477 407 587 492 itaque
614 407 771 473 lateribus
800 407 949 473 cohortes
972 406 1067 488 XVI,
1099 433 1193 495 prae-

170 495 304 561 tendent
333 498 365 560 et
391 496 562 562 retendcnt
584 500 740 580 quattuor
767 496 872 580 milia,
905 498 937 561 et
959 497 1110 582 singulae
1134 498 1193 565 LX

170 606 228 668 per
251 580 404 668 ccccm
433 584 560 668 reliqua
582 587 738 668 quattuor
760 584 854 653 milia
875 585 962 649 intra
984 586 1073 651 riam
1097 607 1193 672 segu-

171 675 281 738 larem.
827 738 830 745 .

144 776 157 818 ὁ
259 761 313 826 45.
343 759 383 824 In
406 764 563 844 quantum
590 762 696 845 potui,
724 761 852 827 domine
879 761 996 846 frater,
1022 784 1083 846 pro
1112 763 1192 829 tiro-

171 850 256 915 cinio
280 870 352 914 meo
375 848 409 912 in
429 850 519 913 brevi
543 871 656 914 omnes
675 853 823 915 auctores
842 871 914 914 sum
932 854 1134 935 persecutus,
1159 854 1192 917 et

170 937 326 1022 quidquid
358 936 443 1002 circa
470 939 740 1020 compositionem
766 940 948 1002 castrorum
979 938 1191 1007 aestivalium

170 1026 397 1109 instituerunt,
419 1026 456 1090 in
478 1025 540 1092 hoo
562 1026 689 1109 libello,
710 1027 900 1110 priusquam
921 1047 1073 1092 numeros
1097 1028 1192 1095 insti-

170 1119 311 1199 tuerem,
342 1114 403 1179 sub
435 1115 563 1178 ratione
596 1115 706 1180 omnia
738 1114 909 1179 declaravi.
959 1114 1126 1200 Principia
1156 1117 1191 1182 in

131 1218 158 1258 ¹⁰
172 1203 262 1269 omni
275 1203 494 1286 inceptatione
508 1201 696 1268 metationis
711 1202 879 1268 scribendo
892 1203 1002 1269 nullus
1022 1209 1137 1271 auctor
1155 1205 1191 1269 in

74 1303 160 1374 135b,
171 1292 257 1356 hunc
271 1291 357 1354 diem
372 1291 522 1373 ostendit,
543 1293 678 1374 propter
698 1291 703 1374 1
723 1290 808 1374 quod
823 1313 917 1374 spero
937 1291 1192 1359 sollicitudinem

170 1382 316 1444 nostram
341 1379 437 1464 digne
459 1378 522 1443 tibi
544 1378 751 1462 placituram.
810 1380 863 1444 46.
884 1379 1106 1463 Exposuimus
1130 1382 1191 1447 ita-

173 1489 233 1553 que
258 1467 405 1552 singulas
424 1466 548 1550 species
568 1471 601 1531 et
618 1468 806 1532 universum
823 1469 1002 1535 exercitum
1021 1469 1088 1535 suis
1108 1470 1190 1536 locis

173 1557 414 1633 constituimus,
451 1555 652 1620 ostendimus
680 1556 794 1638 etiam,
826 1557 855 1621 si
882 1578 1050 1622 necessum
1080 1557 1191 1642 fuerit,

133 1660 159 1700 15
173 1646 246 1730 quis
268 1666 421 1710 numerus
450 1644 644 1710 commutari
673 1643 800 1708 debeat.
845 1644 967 1721 Quodsi
990 1646 1061 1710 alae
1084 1647 1120 1711 in
1142 1668 1191 1711 re·

172 1736 302 1798 tentura
324 1733 451 1817 positae
473 1732 596 1797 fuerint
622 1736 656 1797 et
678 1733 803 1817 pedites
831 1733 866 1797 in
887 1737 1100 1818 praetentum
1123 1735 1191 1800 sive

173 1821 323 1887 cohortes
343 1820 518 1905 equitatae‚
531 1821 623 1885 nulla
636 1822 830 1887 necessitate
844 1827 988 1907 cogente,
1008 1823 1078 1888 sine
1092 1823 1190 1890 dubio

173 1909 344 1975 metatoris
366 1908 548 1991 imperitiae
576 1909 706 1994 signum
734 1912 792 1973 est.
836 1909 924 1975 Illud
946 1911 1044 1994 plane
1067 1912 1192 1995 poterit

173 1997 354 2081 observari,
385 1999 434 2081 ut,
472 1997 501 2062 si
533 1996 682 2063 cohortes
715 1997 879 2082 equitstae
911 1999 946 2063 in
978 2021 1016 2064 eo
1049 2001 1192 2066 exercitu

133 2101 160 2142 20
174 2087 263 2152 omni
285 2109 353 2152 non
375 2086 509 2171 fuerint,
542 2108 702 2170 ponamus
730 2088 800 2153 alas
829 2087 1058 2173 quingenariae
1082 2088 1192 2154 lateri-

77 2189 163 2261 1351),
175 2177 236 2241 bus
260 2175 452 2259 quaestorii,
480 2179 517 2240 ut
537 2175 542 2256 Ι
562 2178 727 2240 retentura
749 2177 931 2260 equitatum
953 2175 1083 2250 habeat.
1139 2178 1192 2243 47.

172 2264 258 2330 Nam
278 2263 362 2346 quod
384 2262 424 2326 ad
445 2263 591 2347 legiones
611 2262 786 2347 dispositas
806 2267 838 2330 et
853 2264 1096 2330 divisionem-in
1110 2266 1191 2332 duos

172 2372 324 2417 numeros
338 2351 489 2435 pertinet,
499 2351 584 2435 quod
595 2354 628 2416 et
641 2351 757 2434 peritis
772 2353 1043 2437 compositionum
1054 2353 1199 2420 difficun

173 2443 259 2505 tates
283 2439 442 2523 ostendet,
466 2438 656 2504 methodum
679 2442 866 2507 metationis
885 2463 905 2506 a
923 2463 974 2506 me
993 2442 1191 2526 exquisitam

175 2683 284 2739 lerint
355 2683 455 2737 cohors
473 2682 539 2736 XVI
602 2684 823 2754 spraecendens
843 2684 976 2741 eorr.Sct
1043 2684 1192 2754 sexaginta

173 2773 225 2827 per
243 2753 359 2809 CCCLX
452 2753 590 2823 3reliqui
675 2754 858 2823 ttyrocinio
937 2753 1053 2810 threbi
1141 2755 1191 2810 sed

174 2825 312 2897 quidquid
330 2824 553 2882 corr.Pontoncs
622 2825 887 2938 ‘lipompositionem
941 2833 957 2883 8
976 2842 1091 2880 numero
1111 2825 1192 2881 insti·

173 2952 260 3004 tuere.
311 2949 394 3003 9sub
412 2948 520 3005 ratione
591 2947 761 3020 praecipitia
816 2955 849 3004 10
863 2948 1085 3018 inceptationem
1102 2951 1192 3006 mcta-

174 3018 274 3074 tionib.
295 3018 441 3075 scribendo
461 3037 528 3077 corr.
549 3020 603 3076 See
691 3022 837 3075 auctorum
853 3018 928 3074 hunc
947 3037 1015 3076 corr.
1034 3020 1113 3075 Zeiss
1131 3024 1193 3077 vide

174 3090 272 3162 Lampe
281 3107 311 3159 p.
322 3094 361 3145 92
375 3092 440 3145 adn.
498 3098 529 3146 13
541 3090 703 3161 suaspeeiae
716 3089 846 3147 corridet
899 3095 934 3144 14
948 3090 1157 3147 osostendimus

177 3168 210 3217 15
223 3176 353 3215 numeros
371 3161 534 3216 tummutari
548 3178 616 3216 corr.
632 3161 691 3217 sa.
729 3167 763 3216 16
776 3160 958 3216 inretentura.
991 3160 1022 3215 in
1035 3168 1099 3218 ante
1112 3179 1192 3234 prae·

174 3235 287 3288 tentura
300 3230 393 3299 (ΜΛ,
408 3232 518 3288 addidit
532 3231 586 3287 Sct
622 3238 655 3287 1⁷
669 3231 811 3301 aequitate
872 3235 1004 3302 cogentes
1061 3239 1093 3289 18
1103 3237 1192 3289 meta

174 3305 251 3358 tores
270 3301 418 3374 inperitiae
483 3308 516 3359 19
531 3301 675 3372 aequitate
748 3302 900 3358 exercitum
919 3303 1032 3358 omnino
1051 3304 1159 3360 fuerint

176 3379 211 3428 20
226 3372 334 3428 onimus
353 3373 487 3431 correct
539 3381 574 3430 21
589 3373 732 3444 quaestori
790 3374 965 3444 aequitatum
1020 3379 1053 3429 22
1068 3390 1085 3428 a
1103 3375 1192 3446 legio·

175 3459 225 3496 nes
245 3446 321 3497 astas
393 3444 478 3500 divisi
497 3445 567 3500 duos
587 3446 693 3502 conch
764 3451 799 3500 23
819 3462 852 3500 ex
869 3444 969 3515 peritis
993 3445 1191 3515 conpositione

176 3530 244 3572 corr.
261 3512 314 3570 See
386 3521 421 3568 24
439 3515 601 3570 maetodum
618 3515 805 3571 moetationes
878 3514 1048 3583 exquisitum
