2454 3976
500 217 717 274 PRAEFATIO.
1099 218 1117 283 7

100 387 207 449 natur.
252 382 292 448 Id
319 382 504 468 significant
535 377 648 465 verba',
680 402 762 466 quae
791 384 867 447 sunt
895 380 991 466 ‘quod
1019 382 1120 463 fuerit

102 472 215 557 signis,
239 471 386 537 tabulino
410 469 493 536 erit'.
535 468 619 535 Tum
641 492 682 534 ne
705 471 788 535 ratio
811 469 987 554 pedaturae
1008 471 1119 536 turbe-

101 565 165 645 tur,
190 559 389 643 semistrigia
407 562 584 641 mutantur,
606 559 668 624 hoc
687 563 738 625 est
755 559 887 624 brevius
906 560 1118 644 semistrigio

100 672 173 714 rum
197 649 285 713 latus
308 648 381 713 loco
404 647 562 732 longioris
581 647 721 731 ponitur.
753 646 888 712 Minime
910 648 1013 732 igitur
1033 669 1119 732 opus

101 742 152 802 est
176 759 250 802 cum
272 736 398 820 Langio
421 737 527 801 textui
549 736 691 802 inserere
719 735 817 820 ‘quod
840 736 940 801 Merit
961 737 1118 821 tabulino,

101 828 164 892 erit
188 824 312 910 signis’.
357 824 406 890 De
432 825 581 890 tabulino
610 830 644 890 et
669 825 772 910 signis
799 846 867 890 non
894 825 935 890 ad
957 825 1120 909 Langium

100 935 314 997 recurramus,
339 914 396 977 sed
419 914 460 979 ad
478 911 604 1000 Hygini
627 913 707 979 satis
730 914 818 980 clara
840 915 954 979 verba:
978 918 1120 979 statuen-

101 1005 179 1069 dum
203 1007 266 1084 est,
297 1003 392 1086 signa
414 1023 530 1068 vocare
552 1001 724 1087 Hyginum
747 1003 879 1087 longius
908 1002 1120 1087 semistrigio·

99 1114 172 1157 rum
201 1093 302 1171 latus,
333 1091 517 1156 tabulinum
544 1090 688 1175 brevius,
723 1091 757 1155 id
784 1091 871 1175 quod
897 1092 989 1157 nullo
1017 1091 1119 1156 totius

100 1181 178 1246 libri
202 1181 274 1244 loco
297 1179 513 1263 redarguitur.

191 1270 228 1333 de
254 1289 287 1333 eo
309 1270 406 1350 qaod]
441 1266 523 1332 Mihi
557 1289 683 1353 quoque
716 1268 816 1333 verba
849 1290 929 1333 sana
960 1268 1120 1352 ridentur,

101 1379 300 1442 quamquam
329 1356 379 1421 ‘de
406 1378 445 1421 eo
473 1355 575 1440 quod'
603 1356 748 1423 nondum
777 1357 812 1421 in
835 1357 1049 1440 scriptoribus
1072 1357 1120 1420 in-

101 1447 185 1512 reni.
231 1443 294 1510 Sed
323 1444 375 1510 ‘ab
404 1467 442 1510 eo
471 1444 568 1529 quod'
596 1444 703 1510 Varro
732 1445 770 1509 de
798 1445 819 1508 l.
842 1446 863 1509 l.
886 1444 917 1510 V
943 1446 1005 1510 171
1031 1467 1119 1529 seqq.

102 1534 188 1619 apud
210 1534 351 1599 Hultsch
375 1535 550 1618 scriptores
574 1533 780 1618 metrologici
802 1532 836 1597 II
863 1555 894 1618 p.
917 1533 961 1599 50
990 1534 1120 1618 saepius

93 1624 282 1707 usurpavit.
898 1628 901 1633 “

193 1733 219 1777 e.
237 1712 267 1775 4.
299 1711 472 1792 vexillarii]
507 1711 538 1776 A
571 1710 704 1775 exhibet
735 1711 911 1776 vexillarive
940 1708 1045 1774 eodum
1075 1730 1120 1774 se-

102 1801 212 1878 danda,
236 1799 322 1884 quod
341 1798 451 1883 Lange
474 1799 522 1863 ita
544 1799 728 1864 emendavit
745 1799 903 1864 ceciderit
924 1799 970 1864 cel
987 1797 1121 1864 coimus

101 1891 267 1966 secondum
304 1888 426 1971 p.124.
450 1887 479 1952 5.
509 1887 653 1953 defendit
676 1910 768 1952 suam
791 1888 979 1972 lectionem,
1008 1887 1119 1952 miser·

102 1978 184 2042 rime
208 1976 347 2061 quidem.
392 1975 479 2042 Nam
501 1977 643 2061 primum
667 1977 817 2042 cohortes
846 1976 1045 2061 legionariae
1068 1975 1120 2040 ds·

102 2088 192 2130 mum
215 2070 332 2149 postea
355 2069 658 2148 commemorantur,
681 2065 795 2128 deinde
809 2063 921 2149 Lange
945 2065 1119 2128 sententia-

102 2177 176 2220 rum
198 2175 316 2219 nexum
338 2174 472 2236 prorsus
500 2175 567 2219 non
590 2152 763 2236 intellexit3
795 2152 903 2217 verbis
927 2150 1051 2236 Hygini
1075 2151 1121 2217 ‘et

104 2245 132 2307 ei
155 2264 207 2308 res
231 2244 340 2326 exiget
363 2278 406 2290 -
431 2246 463 2306 et
491 2242 519 2306 ei
543 2241 688 2307 strictior
714 2241 814 2306 fuerit
840 2239 1011 2325 pedatura’
1038 2241 1120 2307 iudi·

103 2336 206 2414 catur,
228 2331 423 2395 necessitate
447 2334 583 2415 cogente
606 2331 763 2395 maiorem
786 2332 820 2394 et
841 2351 901 2413 pro
925 2330 1031 2414 spatio
1054 2351 1121 2394 ma·

101 2420 226 2484 ximum
245 2440 413 2484 numerum
431 2419 572 2483 militum
592 2440 689 2503 super
703 2418 870 2484 cohortem
887 2419 1025 2502 primam
1039 2419 1119 2482 deri.

101 2507 166 2572 Est
187 2509 315 2592 climax,
338 2509 395 2592 qui
417 2507 536 2573 dicitur
558 2508 742 2572 ascendens.
786 2506 867 2583 Quis
891 2529 967 2572 vero
990 2509 1120 2589 praeter

101 2595 264 2681 Langium
287 2597 322 2659 in
343 2597 409 2661 imo
434 2601 467 2661 et
489 2618 616 2661 summo
647 2595 793 2661 elimacis
822 2594 926 2680 gradu
950 2594 1119 2660 cohortem

102 2685 320 2768 legionariam
351 2686 476 2769 ponet?
525 2684 609 2748 Mihi
636 2684 767 2768 quidem
796 2706 864 2749 non
897 2688 946 2749 est
978 2683 1122 2768 dubium,

103 2775 185 2857 quin
207 2774 307 2837 verba
328 2794 363 2838 ue
384 2773 489 2839 cohors
511 2774 644 2839 seducde
666 2772 811 2838 eicienda
834 2774 909 2837 sint.
955 2794 981 2837 c.
1005 2772 1047 2835 23
1072 2792 1121 2837 ex.

103 2863 139 2927 in
162 2882 296 2946 prorsus
320 2862 422 2927 simili
449 2863 521 2926 loco
548 2863 670 2946 legitur
698 2861 869 2926 ‘uexillarii
896 2859 948 2925 vel
971 2859 1120 2924 cohortes

104 2950 265 3015 secundae
297 2952 347 3015 vel
379 2951 543 3034 peditatus
576 2950 806 3035 quingenariae
844 2970 940 3033 super
971 2948 1121 3014 cohortes

103 3037 247 3122 primas'‚
276 3039 386 3104 ordine
408 3039 512 3123 igitur
534 3042 660 3104 mutato
689 3037 840 3104 cohortes
864 3037 1022 3103 secundae
1045 3041 1121 3102 ante

103 3127 268 3212 peditatus
292 3128 523 3213 quingenariae
546 3130 849 3194 commemorantur.
898 3124 1050 3211 Suspicor
1074 3129 1121 3188 at·

104 3221 232 3281 tentum
256 3216 395 3300 aliquem
417 3216 572 3282 lectorem
594 3217 629 3281 in
651 3215 799 3301 margine
821 3214 990 3297 archetypi
1013 3235 1081 3298 cap.
1099 3213 1122 3276 4

105 3305 278 3370 adnotasse
300 3308 377 3388 post
399 3302 585 3370 ‘vexillarii’
614 3305 661 3370 vel
682 3305 815 3370 echome
836 3303 993 3380 secundae,
1015 3307 1053 3368 ut
1076 3303 1122 3366 in·

105 3393 228 3458 dicaret
259 3392 439 3478 posteriore
471 3394 543 3459 loco
582 3393 745 3458 inversum
783 3412 853 3456 esse
886 3390 1046 3476 ordinem3
1083 3410 1122 3453 ex

105 3482 252 3568 margine
272 3485 381 3548 autem
400 3483 569 3565 irrepsisse
587 3482 622 3546 in
640 3484 775 3545 textum.
790 3517 832 3528 -
846 3479 886 3545 In
903 3481 1020 3565 verbis,
1040 3500 1107 3565 qua
