<?xml version="1.0" encoding="UTF-8"?>
<!DOCTYPE html PUBLIC "-//W3C//DTD XHTML 1.0 Transitional//EN"
    "http://www.w3.org/TR/xhtml1/DTD/xhtml1-transitional.dtd">
<html xmlns="http://www.w3.org/1999/xhtml" xml:lang="en" lang="en">
 <head>
  <title>
</title>
<meta http-equiv="Content-Type" content="text/html;charset=utf-8" />
  <meta name='ocr-system' content='tesseract 3.04.00' />
  <meta name='ocr-capabilities' content='ocr_page ocr_carea ocr_par ocr_line ocrx_word'/>
</head>
<body>
  <div class='ocr_page' id='page_1' title='image "./hyginigromatici00gemogoog_0019.png"; bbox 0 0 2454 3976; ppageno 0'>
   <div class='ocr_carea' id='block_1_1' title="bbox 107 226 722 297">
    <p class='ocr_par' dir='ltr' id='par_1_1' title="bbox 107 226 722 297">
     <span class='ocr_line' id='line_1_1' title="bbox 107 226 722 297; baseline -0.003 -13"><span class='ocrx_word' id='word_1_1' title='bbox 107 231 148 297; x_wconf 84' lang='lat'>12</span> <span class='ocrx_word' id='word_1_2' title='bbox 504 226 722 284; x_wconf 71' lang='lat' dir='ltr'>Parasino.</span> 
     </span>
    </p>
   </div>
   <div class='ocr_carea' id='block_1_2' title="bbox 105 391 1123 566">
    <p class='ocr_par' dir='ltr' id='par_1_2' title="bbox 105 391 1123 566">
     <span class='ocr_line' id='line_1_2' title="bbox 105 391 1123 479; baseline 0.001 -20"><span class='ocrx_word' id='word_1_3' title='bbox 105 394 220 479; x_wconf 86' lang='lat' dir='ltr'>quinta</span> <span class='ocrx_word' id='word_1_4' title='bbox 241 392 362 477; x_wconf 89' lang='lat' dir='ltr'>peditis</span> <span class='ocrx_word' id='word_1_5' title='bbox 391 396 425 457; x_wconf 91' lang='lat' dir='ltr'>et</span> <span class='ocrx_word' id='word_1_6' title='bbox 452 392 516 457; x_wconf 91' lang='lat' dir='ltr'>duo</span> <span class='ocrx_word' id='word_1_7' title='bbox 540 391 638 456; x_wconf 89' lang='lat' dir='ltr'>semis</span> <span class='ocrx_word' id='word_1_8' title='bbox 662 391 789 475; x_wconf 88' lang='lat' dir='ltr'>equitis.</span> <span class='ocrx_word' id='word_1_9' title='bbox 834 391 919 456; x_wconf 92' lang='lat' dir='ltr'>Item</span> <span class='ocrx_word' id='word_1_10' title='bbox 941 392 1012 457; x_wconf 90' lang='lat' dir='ltr'>iure</span> <span class='ocrx_word' id='word_1_11' title='bbox 1035 414 1063 459; x_wconf 90' lang='lat' dir='ltr'>c.</span> <span class='ocrx_word' id='word_1_12' title='bbox 1081 394 1123 460; x_wconf 91' lang='grc'>26</span> 
     </span>
     <span class='ocr_line' id='line_1_3' title="bbox 105 478 1123 566; baseline 0.001 -19"><span class='ocrx_word' id='word_1_13' title='bbox 105 483 245 566; x_wconf 80' lang='lat' dir='ltr'>scriptor</span> <span class='ocrx_word' id='word_1_14' title='bbox 277 482 363 547; x_wconf 92' lang='lat' dir='ltr'>inter</span> <span class='ocrx_word' id='word_1_15' title='bbox 395 502 429 547; x_wconf 90' lang='lat' dir='ltr'>se</span> <span class='ocrx_word' id='word_1_16' title='bbox 459 480 661 566; x_wconf 89' lang='lat' dir='ltr'>comparavit</span> <span class='ocrx_word' id='word_1_17' title='bbox 692 478 809 563; x_wconf 92' lang='lat' dir='ltr'>pedem</span> <span class='ocrx_word' id='word_1_18' title='bbox 842 479 961 564; x_wconf 90' lang='lat' dir='ltr'>peditis</span> <span class='ocrx_word' id='word_1_19' title='bbox 995 485 1030 546; x_wconf 91' lang='lat' dir='ltr'>et</span> <span class='ocrx_word' id='word_1_20' title='bbox 1060 483 1123 548; x_wconf 91' lang='lat' dir='ltr'>duo</span> 
     </span>
    </p>
   </div>
   <div class='ocr_carea' id='block_1_3' title="bbox 100 568 1147 3580">
    <p class='ocr_par' dir='ltr' id='par_1_3' title="bbox 102 568 1147 1364">
     <span class='ocr_line' id='line_1_4' title="bbox 105 568 1123 655; baseline 0.003 -20"><span class='ocrx_word' id='word_1_21' title='bbox 105 572 202 636; x_wconf 89' lang='lat' dir='ltr'>semis</span> <span class='ocrx_word' id='word_1_22' title='bbox 231 570 365 654; x_wconf 90' lang='lat' dir='ltr'>equitis,</span> <span class='ocrx_word' id='word_1_23' title='bbox 395 593 472 635; x_wconf 94' lang='lat' dir='ltr'>nam</span> <span class='ocrx_word' id='word_1_24' title='bbox 498 591 584 635; x_wconf 92' lang='lat' dir='ltr'>nunc</span> <span class='ocrx_word' id='word_1_25' title='bbox 610 568 649 633; x_wconf 92' lang='lat' dir='ltr'>de</span> <span class='ocrx_word' id='word_1_26' title='bbox 676 568 860 655; x_wconf 84' lang='lat' dir='ltr'><strong>redigendis</strong></span> <span class='ocrx_word' id='word_1_27' title='bbox 889 570 1055 653; x_wconf 87' lang='lat' dir='ltr'>equitibus</span> <span class='ocrx_word' id='word_1_28' title='bbox 1083 572 1123 637; x_wconf 88' lang='lat' dir='ltr'>ad</span> 
     </span>
     <span class='ocr_line' id='line_1_5' title="bbox 103 658 1123 745; baseline 0.004 -21"><span class='ocrx_word' id='word_1_29' title='bbox 103 659 229 743; x_wconf 76' lang='lat' dir='ltr'>pedites</span> <span class='ocrx_word' id='word_1_30' title='bbox 249 659 367 745; x_wconf 90' lang='lat' dir='ltr'>agitur,</span> <span class='ocrx_word' id='word_1_31' title='bbox 386 661 420 723; x_wconf 90' lang='lat' dir='ltr'>et</span> <span class='ocrx_word' id='word_1_32' title='bbox 433 658 601 744; x_wconf 76' lang='lat' dir='ltr'>proportio</span> <span class='ocrx_word' id='word_1_33' title='bbox 615 658 700 724; x_wconf 89' lang='lat' dir='ltr'>inter</span> <span class='ocrx_word' id='word_1_34' title='bbox 714 679 769 723; x_wconf 89' lang='lat' dir='ltr'>ecs</span> <span class='ocrx_word' id='word_1_35' title='bbox 785 661 836 723; x_wconf 90' lang='lat' dir='ltr'>est</span> <span class='ocrx_word' id='word_1_36' title='bbox 855 659 1005 742; x_wconf 61' lang='lat'>1:11,—</span> <span class='ocrx_word' id='word_1_37' title='bbox 1021 661 1123 744; x_wconf 57' lang='lat' dir='ltr'>ape.</span> 
     </span>
     <span class='ocr_line' id='line_1_6' title="bbox 105 746 1123 834; baseline 0.004 -22"><span class='ocrx_word' id='word_1_38' title='bbox 105 746 141 812; x_wconf 91' lang='grc'>0.</span> <span class='ocrx_word' id='word_1_39' title='bbox 160 748 203 813; x_wconf 81' lang='grc'>25</span> <span class='ocrx_word' id='word_1_40' title='bbox 225 748 327 833; x_wconf 86' lang='lat' dir='ltr'>igitur</span> <span class='ocrx_word' id='word_1_41' title='bbox 348 748 457 831; x_wconf 90' lang='lat' dir='ltr'>portio</span> <span class='ocrx_word' id='word_1_42' title='bbox 481 747 615 832; x_wconf 87' lang='lat' dir='ltr'>peditis,</span> <span class='ocrx_word' id='word_1_43' title='bbox 643 747 749 831; x_wconf 90' lang='lat' dir='ltr'>qualis</span> <span class='ocrx_word' id='word_1_44' title='bbox 771 768 806 811; x_wconf 92' lang='lat' dir='ltr'>re</span> <span class='ocrx_word' id='word_1_45' title='bbox 829 769 908 811; x_wconf 89' lang='lat' dir='ltr'>vera</span> <span class='ocrx_word' id='word_1_46' title='bbox 930 752 993 834; x_wconf 89' lang='lat' dir='ltr'>est,</span> <span class='ocrx_word' id='word_1_47' title='bbox 1025 751 1123 816; x_wconf 88' lang='lat' dir='ltr'>nobis</span> 
     </span>
     <span class='ocr_line' id='line_1_7' title="bbox 104 835 1121 923; baseline 0.004 -22"><span class='ocrx_word' id='word_1_48' title='bbox 104 837 144 901; x_wconf 89' lang='lat' dir='ltr'>ab</span> <span class='ocrx_word' id='word_1_49' title='bbox 168 837 279 902; x_wconf 89' lang='lat' dir='ltr'>oeulos</span> <span class='ocrx_word' id='word_1_50' title='bbox 302 837 444 920; x_wconf 89' lang='lat' dir='ltr'>ponitur,</span> <span class='ocrx_word' id='word_1_51' title='bbox 466 856 491 900; x_wconf 92' lang='lat' dir='ltr'>c.</span> <span class='ocrx_word' id='word_1_52' title='bbox 506 836 549 900; x_wconf 87' lang='grc'>26</span> <span class='ocrx_word' id='word_1_53' title='bbox 564 836 670 920; x_wconf 89' lang='lat' dir='ltr'>qualis</span> <span class='ocrx_word' id='word_1_54' title='bbox 690 835 863 919; x_wconf 87' lang='lat' dir='ltr'>aptissima</span> <span class='ocrx_word' id='word_1_55' title='bbox 876 839 926 901; x_wconf 87' lang='lat' dir='ltr'>est</span> <span class='ocrx_word' id='word_1_56' title='bbox 940 837 975 901; x_wconf 91' lang='lat' dir='ltr'>in</span> <span class='ocrx_word' id='word_1_57' title='bbox 989 859 1121 923; x_wconf 90' lang='lat' dir='ltr'>compu-</span> 
     </span>
     <span class='ocr_line' id='line_1_8' title="bbox 103 923 1147 1011; baseline 0.003 -21"><span class='ocrx_word' id='word_1_58' title='bbox 103 927 228 991; x_wconf 84' lang='lat' dir='ltr'>tatione</span> <span class='ocrx_word' id='word_1_59' title='bbox 248 925 401 1009; x_wconf 89' lang='lat' dir='ltr'>equitum.</span> <span class='ocrx_word' id='word_1_60' title='bbox 430 923 501 989; x_wconf 84' lang='lat' dir='ltr'>Iam</span> <span class='ocrx_word' id='word_1_61' title='bbox 521 924 674 1009; x_wconf 85' lang='lat' dir='ltr'>suspicer,</span> <span class='ocrx_word' id='word_1_62' title='bbox 693 924 835 1008; x_wconf 82' lang='lat' dir='ltr'>aliquem</span> <span class='ocrx_word' id='word_1_63' title='bbox 853 924 938 990; x_wconf 92' lang='lat' dir='ltr'>hanc</span> <span class='ocrx_word' id='word_1_64' title='bbox 957 925 1121 1011; x_wconf 81' lang='lat' dir='ltr'>duplicem</span> <span class='ocrx_word' id='word_1_65' title='bbox 1145 978 1147 983; x_wconf 79' lang='lat'><em>.</em></span> 
     </span>
     <span class='ocr_line' id='line_1_9' title="bbox 102 1013 1122 1099; baseline 0.004 -22"><span class='ocrx_word' id='word_1_66' title='bbox 102 1014 357 1098; x_wconf 88' lang='lat' dir='ltr'>proportionem,</span> <span class='ocrx_word' id='word_1_67' title='bbox 380 1014 532 1097; x_wconf 90' lang='lat' dir='ltr'>quoniam</span> <span class='ocrx_word' id='word_1_68' title='bbox 554 1034 621 1078; x_wconf 92' lang='lat' dir='ltr'>non</span> <span class='ocrx_word' id='word_1_69' title='bbox 638 1013 862 1098; x_wconf 85' lang='lat' dir='ltr'>intellexisset,</span> <span class='ocrx_word' id='word_1_70' title='bbox 886 1014 920 1077; x_wconf 93' lang='lat' dir='ltr'>in</span> <span class='ocrx_word' id='word_1_71' title='bbox 938 1014 1122 1099; x_wconf 80' lang='lat' dir='ltr'>simplicem</span> 
     </span>
     <span class='ocr_line' id='line_1_10' title="bbox 103 1101 1122 1189; baseline 0.004 -23"><span class='ocrx_word' id='word_1_72' title='bbox 103 1103 280 1167; x_wconf 82' lang='lat' dir='ltr'>mutavisse</span> <span class='ocrx_word' id='word_1_73' title='bbox 300 1101 465 1167; x_wconf 87' lang='lat' dir='ltr'>adnotatis</span> <span class='ocrx_word' id='word_1_74' title='bbox 484 1102 602 1186; x_wconf 89' lang='lat' dir='ltr'>verbis,</span> <span class='ocrx_word' id='word_1_75' title='bbox 616 1101 699 1167; x_wconf 91' lang='lat' dir='ltr'>unde</span> <span class='ocrx_word' id='word_1_76' title='bbox 715 1101 880 1167; x_wconf 83' lang='lat' dir='ltr'>exordium</span> <span class='ocrx_word' id='word_1_77' title='bbox 894 1101 1040 1189; x_wconf 87' lang='lat' dir='ltr'>fecimus,</span> <span class='ocrx_word' id='word_1_78' title='bbox 1056 1103 1122 1170; x_wconf 79' lang='lat' dir='ltr'>‘an-</span> 
     </span>
     <span class='ocr_line' id='line_1_11' title="bbox 102 1189 1121 1276; baseline 0.004 -21"><span class='ocrx_word' id='word_1_79' title='bbox 102 1191 188 1256; x_wconf 90' lang='lat' dir='ltr'>iecta</span> <span class='ocrx_word' id='word_1_80' title='bbox 211 1189 345 1276; x_wconf 86' lang='lat' dir='ltr'>quinta&#39;.</span> <span class='ocrx_word' id='word_1_81' title='bbox 389 1189 451 1256; x_wconf 80' lang='lat' dir='ltr'>Sed</span> <span class='ocrx_word' id='word_1_82' title='bbox 473 1191 578 1256; x_wconf 87' lang='lat' dir='ltr'>textui</span> <span class='ocrx_word' id='word_1_83' title='bbox 600 1191 665 1274; x_wconf 89' lang='lat' dir='ltr'>ipsi</span> <span class='ocrx_word' id='word_1_84' title='bbox 687 1212 820 1256; x_wconf 89' lang='lat' dir='ltr'>manum</span> <span class='ocrx_word' id='word_1_85' title='bbox 844 1189 1018 1256; x_wconf 86' lang='lat' dir='ltr'>admovere</span> <span class='ocrx_word' id='word_1_86' title='bbox 1040 1212 1121 1259; x_wconf 92' lang='lat' dir='ltr'>non-</span> 
     </span>
     <span class='ocr_line' id='line_1_12' title="bbox 103 1278 1121 1364; baseline 0.006 -21"><span class='ocrx_word' id='word_1_87' title='bbox 103 1279 180 1344; x_wconf 93' lang='lat' dir='ltr'>dum</span> <span class='ocrx_word' id='word_1_88' title='bbox 195 1278 349 1362; x_wconf 89' lang='lat' dir='ltr'>sustinui,</span> <span class='ocrx_word' id='word_1_89' title='bbox 364 1281 444 1345; x_wconf 89' lang='lat' dir='ltr'>satis</span> <span class='ocrx_word' id='word_1_90' title='bbox 459 1279 572 1363; x_wconf 92' lang='lat' dir='ltr'>habui,</span> <span class='ocrx_word' id='word_1_91' title='bbox 592 1280 708 1364; x_wconf 90' lang='lat' dir='ltr'>quibus</span> <span class='ocrx_word' id='word_1_92' title='bbox 724 1278 911 1364; x_wconf 89' lang='lat' dir='ltr'>offenderer,</span> <span class='ocrx_word' id='word_1_93' title='bbox 925 1281 1121 1364; x_wconf 83' lang='lat' dir='ltr'>exposuisse.</span> 
     </span>
    </p>

    <p class='ocr_par' dir='ltr' id='par_1_4' title="bbox 101 1367 1122 1788">
     <span class='ocr_line' id='line_1_13' title="bbox 192 1367 1121 1450; baseline 0.005 -18"><span class='ocrx_word' id='word_1_94' title='bbox 192 1389 218 1433; x_wconf 89' lang='lat' dir='ltr'>c.</span> <span class='ocrx_word' id='word_1_95' title='bbox 237 1368 289 1433; x_wconf 79' lang='grc'>21.</span> <span class='ocrx_word' id='word_1_96' title='bbox 326 1368 431 1433; x_wconf 84' lang='lat' dir='ltr'>Habet</span> <span class='ocrx_word' id='word_1_97' title='bbox 455 1369 557 1446; x_wconf 77' lang='lat' dir='ltr'>itaque</span> <span class='ocrx_word' id='word_1_98' title='bbox 584 1367 688 1433; x_wconf 85' lang='lat' dir='ltr'>cobcrs</span> <span class='ocrx_word' id='word_1_99' title='bbox 720 1369 857 1450; x_wconf 79' lang='lat' dir='ltr'>equitatu</span> <span class='ocrx_word' id='word_1_100' title='bbox 883 1368 1028 1434; x_wconf 78' lang='lat' dir='ltr'>miliaria</span> <span class='ocrx_word' id='word_1_101' title='bbox 1053 1391 1121 1437; x_wconf 80' lang='lat' dir='ltr'>cea·</span> 
     </span>
     <span class='ocr_line' id='line_1_14' title="bbox 104 1453 1122 1538; baseline 0.005 -17"><span class='ocrx_word' id='word_1_102' title='bbox 104 1458 205 1522; x_wconf 72' lang='lat' dir='ltr'>tetrice</span> <span class='ocrx_word' id='word_1_103' title='bbox 227 1455 265 1521; x_wconf 92' lang='lat' dir='ltr'>X</span> <span class='ocrx_word' id='word_1_104' title='bbox 278 1456 428 1538; x_wconf 75' lang='lat' dir='ltr'>pediturn,</span> <span class='ocrx_word' id='word_1_105' title='bbox 451 1457 586 1538; x_wconf 80' lang='lat' dir='ltr'>equitum</span> <span class='ocrx_word' id='word_1_106' title='bbox 608 1453 723 1522; x_wconf 78' lang='lat' dir='ltr'><em>OOXL</em></span> <span class='ocrx_word' id='word_1_107' title='bbox 744 1461 865 1523; x_wconf 80' lang='lat' dir='ltr'>tarmes</span> <span class='ocrx_word' id='word_1_108' title='bbox 886 1455 938 1538; x_wconf 92' lang='lat' dir='ltr'>X]</span> <span class='ocrx_word' id='word_1_109' title='bbox 967 1456 999 1522; x_wconf 87' lang='lat' dir='ltr'>A</span> <span class='ocrx_word' id='word_1_110' title='bbox 1021 1458 1122 1526; x_wconf 88' lang='lat' dir='ltr'>habet</span> 
     </span>
     <span class='ocr_line' id='line_1_15' title="bbox 102 1542 1122 1628; baseline 0.003 -18"><span class='ocrx_word' id='word_1_111' title='bbox 102 1546 236 1628; x_wconf 80' lang='lat' dir='ltr'>aequites</span> <span class='ocrx_word' id='word_1_112' title='bbox 261 1545 326 1628; x_wconf 81' lang='lat' dir='ltr'>ped</span> <span class='ocrx_word' id='word_1_113' title='bbox 346 1542 464 1610; x_wconf 77' lang='lat' dir='ltr'><em>OOXL</em></span> <span class='ocrx_word' id='word_1_114' title='bbox 492 1550 611 1610; x_wconf 77' lang='lat' dir='ltr'>turmas</span> <span class='ocrx_word' id='word_1_115' title='bbox 735 1543 782 1610; x_wconf 91' lang='lat' dir='ltr'>Ut</span> <span class='ocrx_word' id='word_1_116' title='bbox 812 1546 960 1610; x_wconf 90' lang='lat' dir='ltr'>ultimam</span> <span class='ocrx_word' id='word_1_117' title='bbox 984 1547 1122 1613; x_wconf 87' lang='lat' dir='ltr'>eiciendi</span> 
     </span>
     <span class='ocr_line' id='line_1_16' title="bbox 101 1633 1122 1720; baseline 0.004 -22"><span class='ocrx_word' id='word_1_118' title='bbox 101 1635 263 1700; x_wconf 88' lang='lat' dir='ltr'>rationem</span> <span class='ocrx_word' id='word_1_119' title='bbox 285 1634 437 1718; x_wconf 92' lang='lat' dir='ltr'>vitarem,</span> <span class='ocrx_word' id='word_1_120' title='bbox 463 1633 653 1717; x_wconf 85' lang='lat' dir='ltr'>transposui</span> <span class='ocrx_word' id='word_1_121' title='bbox 673 1635 744 1716; x_wconf 84' lang='lat' dir='ltr'>ped.</span> <span class='ocrx_word' id='word_1_122' title='bbox 766 1635 924 1717; x_wconf 73' lang='lat' dir='ltr'>aequitem</span> <span class='ocrx_word' id='word_1_123' title='bbox 947 1639 981 1700; x_wconf 91' lang='lat' dir='ltr'>et</span> <span class='ocrx_word' id='word_1_124' title='bbox 1005 1637 1122 1720; x_wconf 91' lang='lat' dir='ltr'>geniti·</span> 
     </span>
     <span class='ocr_line' id='line_1_17' title="bbox 101 1744 287 1788; baseline 0.005 -1"><span class='ocrx_word' id='word_1_125' title='bbox 101 1745 161 1788; x_wconf 86' lang='lat' dir='ltr'>vos</span> <span class='ocrx_word' id='word_1_126' title='bbox 207 1744 287 1788; x_wconf 84' lang='lat' dir='ltr'>osui.</span> 
     </span>
    </p>

    <p class='ocr_par' dir='ltr' id='par_1_5' title="bbox 101 1745 1121 2337">
     <span class='ocr_line' id='line_1_18' title="bbox 184 1745 1119 1898; baseline 0.005 -23"><span class='ocrx_word' id='word_1_127' title='bbox 184 1745 306 1877; x_wconf 78' lang='lat' dir='ltr'>Ibbbors</span> <span class='ocrx_word' id='word_1_128' title='bbox 327 1812 464 1894; x_wconf 82' lang='lat' dir='ltr'>equitata</span> <span class='ocrx_word' id='word_1_129' title='bbox 484 1812 691 1894; x_wconf 74' lang='lat' dir='ltr'>quiuparuric</span> <span class='ocrx_word' id='word_1_130' title='bbox 712 1811 801 1877; x_wconf 81' lang='lat' dir='ltr'>babet</span> <span class='ocrx_word' id='word_1_131' title='bbox 818 1811 973 1877; x_wconf 76' lang='lat' dir='ltr'>centurius</span> <span class='ocrx_word' id='word_1_132' title='bbox 987 1811 1040 1878; x_wconf 87' lang='lat' dir='ltr'>VI</span> <span class='ocrx_word' id='word_1_133' title='bbox 1039 1864 1049 1898; x_wconf 90' lang='lat'>,</span> <span class='ocrx_word' id='word_1_134' title='bbox 1071 1834 1119 1880; x_wconf 88' lang='lat' dir='ltr'>re·</span> 
     </span>
     <span class='ocr_line' id='line_1_19' title="bbox 102 1898 1118 1984; baseline 0.005 -20"><span class='ocrx_word' id='word_1_135' title='bbox 102 1899 186 1977; x_wconf 70' lang='lat' dir='ltr'>iqua</span> <span class='ocrx_word' id='word_1_136' title='bbox 202 1919 263 1980; x_wconf 77' lang='lat' dir='ltr'>pro</span> <span class='ocrx_word' id='word_1_137' title='bbox 280 1905 373 1980; x_wconf 80' lang='lat' dir='ltr'>purte</span> <span class='ocrx_word' id='word_1_138' title='bbox 390 1900 535 1980; x_wconf 79' lang='lat' dir='ltr'>dimidio]</span> <span class='ocrx_word' id='word_1_139' title='bbox 560 1898 671 1984; x_wconf 88' lang='lat' dir='ltr'>Lange</span> <span class='ocrx_word' id='word_1_140' title='bbox 689 1900 828 1964; x_wconf 88' lang='lat' dir='ltr'>inseruit</span> <span class='ocrx_word' id='word_1_141' title='bbox 845 1904 922 1983; x_wconf 90' lang='lat' dir='ltr'>post</span> <span class='ocrx_word' id='word_1_142' title='bbox 941 1898 1118 1969; x_wconf 79' lang='lat' dir='ltr'>‘centurias</span> 
     </span>
     <span class='ocr_line' id='line_1_20' title="bbox 103 1986 1121 2072; baseline 0.005 -20"><span class='ocrx_word' id='word_1_143' title='bbox 103 1986 169 2052; x_wconf 86' lang='lat' dir='ltr'>VI’</span> <span class='ocrx_word' id='word_1_144' title='bbox 193 1993 312 2052; x_wconf 81' lang='lat' dir='ltr'>turmas</span> <span class='ocrx_word' id='word_1_145' title='bbox 332 1987 384 2052; x_wconf 89' lang='lat' dir='ltr'>VI</span> <span class='ocrx_word' id='word_1_146' title='bbox 385 2037 394 2071; x_wconf 97' lang='lat'>,</span> <span class='ocrx_word' id='word_1_147' title='bbox 422 1986 477 2052; x_wconf 90' lang='lat' dir='ltr'>sed</span> <span class='ocrx_word' id='word_1_148' title='bbox 500 1986 578 2072; x_wconf 90' lang='lat' dir='ltr'>quid</span> <span class='ocrx_word' id='word_1_149' title='bbox 600 1990 672 2052; x_wconf 90' lang='lat' dir='ltr'>tum</span> <span class='ocrx_word' id='word_1_150' title='bbox 695 1988 759 2053; x_wconf 90' lang='lat' dir='ltr'>sibi</span> <span class='ocrx_word' id='word_1_151' title='bbox 782 1988 852 2052; x_wconf 91' lang='lat' dir='ltr'>vult</span> <span class='ocrx_word' id='word_1_152' title='bbox 875 1988 1038 2054; x_wconf 87' lang='lat' dir='ltr'>adiectum</span> <span class='ocrx_word' id='word_1_153' title='bbox 1062 1990 1121 2058; x_wconf 78' lang='lat' dir='ltr'>‘re-</span> 
     </span>
     <span class='ocr_line' id='line_1_21' title="bbox 101 2074 1120 2163; baseline 0.004 -23"><span class='ocrx_word' id='word_1_154' title='bbox 101 2077 191 2160; x_wconf 87' lang='lat' dir='ltr'>liqua</span> <span class='ocrx_word' id='word_1_155' title='bbox 212 2098 272 2160; x_wconf 89' lang='lat' dir='ltr'>pro</span> <span class='ocrx_word' id='word_1_156' title='bbox 296 2078 389 2160; x_wconf 89' lang='lat' dir='ltr'>parte</span> <span class='ocrx_word' id='word_1_157' title='bbox 413 2074 567 2141; x_wconf 90' lang='lat' dir='ltr'>dimidia&#39;.</span> <span class='ocrx_word' id='word_1_158' title='bbox 613 2074 761 2161; x_wconf 87' lang='lat' dir='ltr'>Accedit,</span> <span class='ocrx_word' id='word_1_159' title='bbox 783 2076 882 2162; x_wconf 90' lang='lat' dir='ltr'>quod,</span> <span class='ocrx_word' id='word_1_160' title='bbox 906 2078 935 2141; x_wconf 92' lang='lat' dir='ltr'>si</span> <span class='ocrx_word' id='word_1_161' title='bbox 956 2077 1120 2163; x_wconf 85' lang='lat' dir='ltr'>Langium</span> 
     </span>
     <span class='ocr_line' id='line_1_22' title="bbox 102 2165 1120 2249; baseline 0.006 -21"><span class='ocrx_word' id='word_1_162' title='bbox 102 2165 282 2249; x_wconf 90' lang='lat' dir='ltr'>sequimur,</span> <span class='ocrx_word' id='word_1_163' title='bbox 312 2166 522 2231; x_wconf 88' lang='lat' dir='ltr'>statuendum</span> <span class='ocrx_word' id='word_1_164' title='bbox 555 2166 630 2249; x_wconf 89' lang='lat' dir='ltr'>erit,</span> <span class='ocrx_word' id='word_1_165' title='bbox 661 2166 696 2230; x_wconf 92' lang='lat' dir='ltr'>in</span> <span class='ocrx_word' id='word_1_166' title='bbox 722 2169 833 2230; x_wconf 89' lang='lat' dir='ltr'>turma</span> <span class='ocrx_word' id='word_1_167' title='bbox 860 2167 932 2230; x_wconf 88' lang='lat' dir='ltr'>alae</span> <span class='ocrx_word' id='word_1_168' title='bbox 959 2166 1120 2234; x_wconf 82' lang='lat' dir='ltr'>miliarias</span> 
     </span>
     <span class='ocr_line' id='line_1_23' title="bbox 102 2252 1120 2337; baseline 0.006 -20"><span class='ocrx_word' id='word_1_169' title='bbox 102 2252 222 2335; x_wconf 91' lang='lat' dir='ltr'>XXIV,</span> <span class='ocrx_word' id='word_1_170' title='bbox 236 2254 280 2317; x_wconf 91' lang='lat' dir='ltr'>-in</span> <span class='ocrx_word' id='word_1_171' title='bbox 301 2256 412 2317; x_wconf 87' lang='lat' dir='ltr'>turma</span> <span class='ocrx_word' id='word_1_172' title='bbox 434 2255 504 2317; x_wconf 91' lang='lat' dir='ltr'>alae</span> <span class='ocrx_word' id='word_1_173' title='bbox 527 2254 758 2337; x_wconf 84' lang='lat' dir='ltr'>quingenariae</span> <span class='ocrx_word' id='word_1_174' title='bbox 776 2253 838 2316; x_wconf 88' lang='lat' dir='ltr'>XX</span> <span class='ocrx_word' id='word_1_175' title='bbox 861 2255 987 2336; x_wconf 90' lang='lat' dir='ltr'>equites</span> <span class='ocrx_word' id='word_1_176' title='bbox 1009 2255 1120 2325; x_wconf 87' lang='lat' dir='ltr'>fuisse.</span> 
     </span>
    </p>

    <p class='ocr_par' dir='ltr' id='par_1_6' title="bbox 101 2339 1120 2779">
     <span class='ocr_line' id='line_1_24' title="bbox 191 2339 1119 2428; baseline 0.008 -24"><span class='ocrx_word' id='word_1_177' title='bbox 191 2361 218 2404; x_wconf 89' lang='lat' dir='ltr'>c.</span> <span class='ocrx_word' id='word_1_178' title='bbox 236 2340 279 2404; x_wconf 84' lang='grc'>29</span> <span class='ocrx_word' id='word_1_179' title='bbox 303 2339 346 2404; x_wconf 87' lang='lat' dir='ltr'>in.</span> <span class='ocrx_word' id='word_1_180' title='bbox 361 2341 486 2405; x_wconf 88' lang='lat' dir='ltr'>correxi</span> <span class='ocrx_word' id='word_1_181' title='bbox 508 2340 719 2406; x_wconf 70' lang='lat' dir='ltr'>taratantara</span> <span class='ocrx_word' id='word_1_182' title='bbox 735 2346 906 2422; x_wconf 78' lang='lat' dir='ltr'>ponuntur.</span> <span class='ocrx_word' id='word_1_183' title='bbox 942 2342 1054 2428; x_wconf 89' lang='lat' dir='ltr'>Lange</span> <span class='ocrx_word' id='word_1_184' title='bbox 1072 2367 1119 2411; x_wconf 87' lang='lat' dir='ltr'>ra-</span> 
     </span>
     <span class='ocr_line' id='line_1_25' title="bbox 101 2427 1119 2513; baseline 0.008 -21"><span class='ocrx_word' id='word_1_185' title='bbox 101 2428 201 2493; x_wconf 84' lang='lat' dir='ltr'>tinuit</span> <span class='ocrx_word' id='word_1_186' title='bbox 222 2429 372 2511; x_wconf 69' lang='lat' dir='ltr'>patmus</span> <span class='ocrx_word' id='word_1_187' title='bbox 403 2432 437 2493; x_wconf 91' lang='lat' dir='ltr'>et</span> <span class='ocrx_word' id='word_1_188' title='bbox 468 2429 582 2512; x_wconf 86' lang='lat' dir='ltr'>p.181</span> <span class='ocrx_word' id='word_1_189' title='bbox 612 2428 702 2493; x_wconf 88' lang='lat' dir='ltr'>addit</span> <span class='ocrx_word' id='word_1_190' title='bbox 729 2427 937 2513; x_wconf 75' lang='lat' dir='ltr'>‘quamquam</span> <span class='ocrx_word' id='word_1_191' title='bbox 968 2433 1119 2501; x_wconf 90' lang='lat' dir='ltr'>nationes</span> 
     </span>
     <span class='ocr_line' id='line_1_26' title="bbox 103 2517 1120 2602; baseline 0.007 -21"><span class='ocrx_word' id='word_1_192' title='bbox 103 2517 306 2582; x_wconf 89' lang='lat' dir='ltr'>accusativus</span> <span class='ocrx_word' id='word_1_193' title='bbox 330 2520 395 2602; x_wconf 90' lang='lat' dir='ltr'>est,</span> <span class='ocrx_word' id='word_1_194' title='bbox 422 2517 574 2582; x_wconf 89' lang='lat' dir='ltr'>liberiore</span> <span class='ocrx_word' id='word_1_195' title='bbox 597 2520 707 2582; x_wconf 90' lang='lat' dir='ltr'>tamen</span> <span class='ocrx_word' id='word_1_196' title='bbox 731 2518 949 2601; x_wconf 87' lang='lat' dir='ltr'>appositionis</span> <span class='ocrx_word' id='word_1_197' title='bbox 973 2526 1120 2588; x_wconf 88' lang='lat' dir='ltr'>constru-</span> 
     </span>
     <span class='ocr_line' id='line_1_27' title="bbox 101 2605 1119 2691; baseline 0.007 -21"><span class='ocrx_word' id='word_1_198' title='bbox 101 2606 208 2670; x_wconf 89' lang='lat' dir='ltr'>ctione</span> <span class='ocrx_word' id='word_1_199' title='bbox 239 2605 373 2670; x_wconf 84' lang='lat' dir='ltr'>nomina</span> <span class='ocrx_word' id='word_1_200' title='bbox 408 2606 555 2690; x_wconf 89' lang='lat' dir='ltr'>gentium</span> <span class='ocrx_word' id='word_1_201' title='bbox 587 2606 622 2670; x_wconf 93' lang='lat' dir='ltr'>in</span> <span class='ocrx_word' id='word_1_202' title='bbox 653 2605 854 2672; x_wconf 89' lang='lat' dir='ltr'>nominativo</span> <span class='ocrx_word' id='word_1_203' title='bbox 882 2608 992 2691; x_wconf 89' lang='lat' dir='ltr'>posita</span> <span class='ocrx_word' id='word_1_204' title='bbox 1019 2610 1119 2678; x_wconf 87' lang='lat' dir='ltr'>sunt&#39;.</span> 
     </span>
     <span class='ocr_line' id='line_1_28' title="bbox 101 2693 980 2779; baseline 0 -19"><span class='ocrx_word' id='word_1_205' title='bbox 101 2693 190 2760; x_wconf 90' lang='lat' dir='ltr'>Num</span> <span class='ocrx_word' id='word_1_206' title='bbox 213 2716 409 2778; x_wconf 90' lang='lat' dir='ltr'>quemquam</span> <span class='ocrx_word' id='word_1_207' title='bbox 431 2695 566 2777; x_wconf 90' lang='lat' dir='ltr'>invenit,</span> <span class='ocrx_word' id='word_1_208' title='bbox 589 2694 645 2779; x_wconf 92' lang='lat' dir='ltr'>qui</span> <span class='ocrx_word' id='word_1_209' title='bbox 668 2694 698 2758; x_wconf 92' lang='lat' dir='ltr'>ei</span> <span class='ocrx_word' id='word_1_210' title='bbox 720 2693 818 2759; x_wconf 89' lang='lat' dir='ltr'>fidem</span> <span class='ocrx_word' id='word_1_211' title='bbox 841 2695 980 2761; x_wconf 82' lang='lat' dir='ltr'>habuit?</span> 
     </span>
    </p>

    <p class='ocr_par' dir='ltr' id='par_1_7' title="bbox 100 2781 1119 3580">
     <span class='ocr_line' id='line_1_29' title="bbox 190 2781 1118 2872; baseline 0.006 -24"><span class='ocrx_word' id='word_1_212' title='bbox 190 2804 216 2848; x_wconf 93' lang='lat' dir='ltr'>c.</span> <span class='ocrx_word' id='word_1_213' title='bbox 234 2784 286 2849; x_wconf 85' lang='lat'>30.</span> <span class='ocrx_word' id='word_1_214' title='bbox 318 2784 476 2848; x_wconf 79' lang='lat' dir='ltr'>vexillarii</span> <span class='ocrx_word' id='word_1_215' title='bbox 498 2781 651 2865; x_wconf 71' lang='lat' dir='ltr'>blond]</span> <span class='ocrx_word' id='word_1_216' title='bbox 678 2784 725 2847; x_wconf 90' lang='lat' dir='ltr'>ita</span> <span class='ocrx_word' id='word_1_217' title='bbox 749 2782 792 2867; x_wconf 83' lang='lat' dir='ltr'>A,</span> <span class='ocrx_word' id='word_1_218' title='bbox 821 2782 935 2849; x_wconf 80' lang='lat' dir='ltr'>Schele</span> <span class='ocrx_word' id='word_1_219' title='bbox 959 2789 993 2850; x_wconf 91' lang='lat' dir='ltr'>et</span> <span class='ocrx_word' id='word_1_220' title='bbox 1004 2784 1118 2872; x_wconf 90' lang='lat' dir='ltr'>Lange</span> 
     </span>
     <span class='ocr_line' id='line_1_30' title="bbox 102 2869 1118 2958; baseline 0.005 -22"><span class='ocrx_word' id='word_1_221' title='bbox 102 2875 311 2938; x_wconf 88' lang='lat' dir='ltr'>correxerunt</span> <span class='ocrx_word' id='word_1_222' title='bbox 334 2869 446 2956; x_wconf 79' lang='grc'>0101),</span> <span class='ocrx_word' id='word_1_223' title='bbox 469 2871 647 2938; x_wconf 81' lang='lat' dir='ltr'>Salmasius</span> <span class='ocrx_word' id='word_1_224' title='bbox 671 2869 867 2958; x_wconf 74' lang='lat' dir='ltr'>OIODOOO,</span> <span class='ocrx_word' id='word_1_225' title='bbox 891 2874 978 2958; x_wconf 92' lang='lat' dir='ltr'>quod</span> <span class='ocrx_word' id='word_1_226' title='bbox 995 2877 1118 2942; x_wconf 87' lang='lat' dir='ltr'>utrum·</span> 
     </span>
     <span class='ocr_line' id='line_1_31' title="bbox 101 2960 1119 3048; baseline 0.007 -25"><span class='ocrx_word' id='word_1_227' title='bbox 101 2981 162 3044; x_wconf 91' lang='lat' dir='ltr'>que</span> <span class='ocrx_word' id='word_1_228' title='bbox 185 2960 305 3024; x_wconf 89' lang='lat' dir='ltr'>falsum</span> <span class='ocrx_word' id='word_1_229' title='bbox 329 2965 388 3027; x_wconf 90' lang='lat' dir='ltr'>est.</span> <span class='ocrx_word' id='word_1_230' title='bbox 433 2961 544 3045; x_wconf 85' lang='lat' dir='ltr'>Lange</span> <span class='ocrx_word' id='word_1_231' title='bbox 566 2983 596 3045; x_wconf 92' lang='lat' dir='ltr'>p.</span> <span class='ocrx_word' id='word_1_232' title='bbox 618 2961 682 3026; x_wconf 87' lang='grc'>182</span> <span class='ocrx_word' id='word_1_233' title='bbox 708 2960 804 3027; x_wconf 89' lang='lat' dir='ltr'>docet</span> <span class='ocrx_word' id='word_1_234' title='bbox 831 2960 989 3027; x_wconf 70' lang='lat' dir='ltr'>‘videmus</span> <span class='ocrx_word' id='word_1_235' title='bbox 1017 2963 1119 3048; x_wconf 88' lang='lat' dir='ltr'>igitur</span> 
     </span>
     <span class='ocr_line' id='line_1_32' title="bbox 100 3048 1117 3136; baseline 0.007 -24"><span class='ocrx_word' id='word_1_236' title='bbox 100 3049 136 3113; x_wconf 94' lang='lat' dir='ltr'>in</span> <span class='ocrx_word' id='word_1_237' title='bbox 163 3048 307 3113; x_wconf 88' lang='lat' dir='ltr'>exercitu</span> <span class='ocrx_word' id='word_1_238' title='bbox 332 3048 458 3134; x_wconf 83' lang='lat' dir='ltr'>Hygini</span> <span class='ocrx_word' id='word_1_239' title='bbox 490 3050 628 3135; x_wconf 88' lang='lat' dir='ltr'>singulis</span> <span class='ocrx_word' id='word_1_240' title='bbox 655 3050 842 3136; x_wconf 87' lang='lat' dir='ltr'>legionibus</span> <span class='ocrx_word' id='word_1_241' title='bbox 870 3048 900 3115; x_wconf 91' lang='lat' dir='ltr'>D</span> <span class='ocrx_word' id='word_1_242' title='bbox 930 3051 1117 3119; x_wconf 82' lang='lat' dir='ltr'>vexillarios</span> 
     </span>
     <span class='ocr_line' id='line_1_33' title="bbox 101 3135 1118 3224; baseline 0.003 -21"><span class='ocrx_word' id='word_1_243' title='bbox 101 3137 230 3203; x_wconf 90' lang='lat' dir='ltr'>additos</span> <span class='ocrx_word' id='word_1_244' title='bbox 254 3135 345 3204; x_wconf 91' lang='lat' dir='ltr'>esse’.</span> <span class='ocrx_word' id='word_1_245' title='bbox 377 3136 442 3204; x_wconf 82' lang='lat' dir='ltr'>Sed</span> <span class='ocrx_word' id='word_1_246' title='bbox 459 3138 544 3203; x_wconf 91' lang='lat' dir='ltr'>unde</span> <span class='ocrx_word' id='word_1_247' title='bbox 562 3138 751 3204; x_wconf 82' lang='lat' dir='ltr'>videamus?</span> <span class='ocrx_word' id='word_1_248' title='bbox 780 3137 933 3224; x_wconf 86' lang='lat' dir='ltr'>Hyginus</span> <span class='ocrx_word' id='word_1_249' title='bbox 956 3161 1118 3224; x_wconf 89' lang='lat' dir='ltr'>nusquam</span> 
     </span>
     <span class='ocr_line' id='line_1_34' title="bbox 101 3226 1117 3314; baseline 0.006 -24"><span class='ocrx_word' id='word_1_250' title='bbox 101 3227 140 3291; x_wconf 89' lang='lat' dir='ltr'>de</span> <span class='ocrx_word' id='word_1_251' title='bbox 162 3248 297 3293; x_wconf 89' lang='lat' dir='ltr'>numero</span> <span class='ocrx_word' id='word_1_252' title='bbox 325 3227 569 3293; x_wconf 84' lang='lat' dir='ltr'>vexillariorum</span> <span class='ocrx_word' id='word_1_253' title='bbox 596 3228 732 3312; x_wconf 88' lang='lat' dir='ltr'>legionis</span> <span class='ocrx_word' id='word_1_254' title='bbox 760 3226 917 3312; x_wconf 89' lang='lat' dir='ltr'>loquitur,</span> <span class='ocrx_word' id='word_1_255' title='bbox 943 3228 1007 3293; x_wconf 91' lang='lat' dir='ltr'>nisi</span> <span class='ocrx_word' id='word_1_256' title='bbox 1029 3230 1117 3314; x_wconf 88' lang='lat' dir='ltr'>quod</span> 
     </span>
     <span class='ocr_line' id='line_1_35' title="bbox 101 3314 1116 3400; baseline 0.004 -20"><span class='ocrx_word' id='word_1_257' title='bbox 101 3316 167 3381; x_wconf 84' lang='lat' dir='ltr'>ab</span> <span class='ocrx_word' id='word_1_258' title='bbox 190 3316 233 3382; x_wconf 92' lang='lat' dir='ltr'>in.</span> <span class='ocrx_word' id='word_1_259' title='bbox 257 3337 313 3382; x_wconf 88' lang='lat' dir='ltr'>eos</span> <span class='ocrx_word' id='word_1_260' title='bbox 337 3317 378 3382; x_wconf 90' lang='lat' dir='ltr'>ad</span> <span class='ocrx_word' id='word_1_261' title='bbox 407 3320 615 3383; x_wconf 87' lang='lat' dir='ltr'>sexcentenas</span> <span class='ocrx_word' id='word_1_262' title='bbox 643 3314 791 3380; x_wconf 90' lang='lat' dir='ltr'>homines</span> <span class='ocrx_word' id='word_1_263' title='bbox 819 3317 1000 3400; x_wconf 88' lang='lat' dir='ltr'>computari</span> <span class='ocrx_word' id='word_1_264' title='bbox 1028 3317 1116 3385; x_wconf 90' lang='lat' dir='ltr'>dicit.</span> 
     </span>
     <span class='ocr_line' id='line_1_36' title="bbox 100 3404 1117 3490; baseline 0.004 -22"><span class='ocrx_word' id='word_1_265' title='bbox 100 3425 126 3468; x_wconf 92' lang='lat' dir='ltr'>c.</span> <span class='ocrx_word' id='word_1_266' title='bbox 147 3405 165 3468; x_wconf 79' lang='lat'>7</span> <span class='ocrx_word' id='word_1_267' title='bbox 190 3409 422 3489; x_wconf 88' lang='lat' dir='ltr'>comparantur</span> <span class='ocrx_word' id='word_1_268' title='bbox 450 3407 534 3472; x_wconf 89' lang='lat' dir='ltr'>inter</span> <span class='ocrx_word' id='word_1_269' title='bbox 563 3427 597 3470; x_wconf 90' lang='lat' dir='ltr'>se</span> <span class='ocrx_word' id='word_1_270' title='bbox 620 3404 795 3490; x_wconf 86' lang='lat' dir='ltr'>vexillarii,</span> <span class='ocrx_word' id='word_1_271' title='bbox 827 3405 942 3471; x_wconf 92' lang='lat' dir='ltr'>cohors</span> <span class='ocrx_word' id='word_1_272' title='bbox 969 3406 1117 3490; x_wconf 88' lang='lat' dir='ltr'>peditata</span> 
     </span>
     <span class='ocr_line' id='line_1_37' title="bbox 101 3493 1117 3580; baseline 0.006 -24"><span class='ocrx_word' id='word_1_273' title='bbox 101 3493 328 3578; x_wconf 86' lang='lat' dir='ltr'>quingenaria,</span> <span class='ocrx_word' id='word_1_274' title='bbox 358 3495 473 3561; x_wconf 87' lang='lat' dir='ltr'>cohors</span> <span class='ocrx_word' id='word_1_275' title='bbox 497 3494 677 3580; x_wconf 80' lang='lat' dir='ltr'>legionario</span> <span class='ocrx_word' id='word_1_276' title='bbox 704 3498 738 3558; x_wconf 91' lang='lat' dir='ltr'>et</span> <span class='ocrx_word' id='word_1_277' title='bbox 760 3499 895 3580; x_wconf 89' lang='lat' dir='ltr'>apparet</span> <span class='ocrx_word' id='word_1_278' title='bbox 923 3516 961 3559; x_wconf 87' lang='lat' dir='ltr'>ex</span> <span class='ocrx_word' id='word_1_279' title='bbox 984 3516 1021 3560; x_wconf 90' lang='lat' dir='ltr'>eo</span> <span class='ocrx_word' id='word_1_280' title='bbox 1045 3496 1117 3562; x_wconf 91' lang='lat' dir='ltr'>loco</span> 
     </span>
    </p>
   </div>
   <div class='ocr_carea' id='block_1_4' title="bbox 0 0 1232 3976">
    <p class='ocr_par' dir='ltr' id='par_1_8' title="bbox 0 0 1232 3976">
     <span class='ocr_line' id='line_1_38' title="bbox 0 0 1232 3976; baseline 0 1"><span class='ocrx_word' id='word_1_281' title='bbox 0 0 1232 3976; x_wconf 95' lang='lat' dir='ltr'> </span> 
     </span>
    </p>
   </div>
  </div>
 </body>
</html>
