2454 3976
501 202 719 261 Ριιιιιιιο.
1078 204 1118 267 11

98 367 303 455 praetoriam
334 365 448 433 tendit
503 363 566 431 Sed
593 365 622 431 si
646 365 786 450 quinque
813 366 866 430 vel
894 388 951 433 sex
974 365 1120 451 legiones

100 459 256 541 acceptas
277 455 410 538 inerint,
432 454 509 539 quid
527 457 598 519 tum
616 453 729 539 Lange
750 453 871 519 faciet?
907 454 981 541 Ego
1004 455 1121 540 scripsi

97 546 273 615 mamm
288 544 458 629 principiis
487 542 619 609 adrem
643 543 841 609 correctione
865 544 1120 611 accommodata.

100 635 242 703 Munera
263 632 432 716 legionum
459 653 565 716 neque
587 631 737 697 dicuntur
765 632 893 697 cohorti
915 633 1038 717 primae
1060 655 1120 700 nec

99 722 227 811 legioni
249 723 328 805 toti,
351 720 407 787 sed
429 720 599 805 principiis
621 720 725 785 totius
752 720 891 806 legionis
919 719 1036 807 (utitur
1058 722 1120 788 hoc

100 813 202 879 verbo
216 809 369 896 Hyginus
391 831 418 875 c.
434 806 500 896 14),
523 812 557 872 ct
579 808 620 873 ab
639 808 680 875 iis
704 808 746 873 ad
769 810 931 875 centurias
954 810 1120 894 perferun-

99 905 165 969 tur.
199 897 293 967 Idem
314 920 392 963 usus
414 897 449 963 in
472 896 667 963 exercitibus
688 900 820 963 nostrae
843 899 962 965 aetatis
986 899 1090 967 durat.

191 1009 219 1053 c.
236 987 291 1053 25.
334 988 441 1068 Eques
473 990 577 1051 actem
608 983 758 1071 (capt)
790 987 851 1052 duo
881 996 971 1055 oemis
1002 990 1121 1055 adiecta

100 1078 228 1161 quinta]
261 1074 374 1141 Verba
401 1097 485 1159 quae
512 1077 588 1139 sunt
611 1073 685 1140 ‘duc
714 1076 813 1140 semis
840 1076 967 1141 adiecta
995 1076 1119 1160 quinta'

101 1166 185 1233 satis
208 1165 347 1231 obscure
369 1163 457 1229 dicta
480 1167 563 1229 sunt
608 1162 728 1246 Erant,
755 1163 810 1245 qui
833 1162 971 1230 ‘adiecta
993 1165 1119 1249 quintc'

99 1256 181 1321 item
204 1254 507 1337 interpretarentur,
534 1255 571 1317 ut
593 1251 692 1336 paulo
717 1255 807 1335 ante,
834 1253 891 1319 ubi
913 1254 1053 1339 scriptor
1082 1255 1120 1320 de

99 1342 210 1428 pedite
233 1342 312 1426 egit,
335 1339 493 1424 quintam
515 1340 606 1424 pedis
628 1339 778 1424 partem'
822 1340 862 1407 In
885 1343 1002 1426 quibus
1027 1347 1121 1408 erant

101 1433 203 1499 etium
225 1427 341 1497 Schele
363 1433 407 1512 et,
434 1450 530 1514 quem
552 1427 664 1514 Lange
686 1450 718 1513 p
730 1430 791 1495 177
807 1430 897 1514 citet,
918 1430 1011 1497 Nast.
1058 1429 1121 1497 Sed

101 1520 217 1604 Lange
244 1518 266 1585 l.
288 1518 311 1587 L
338 1517 425 1585 hanc
457 1518 653 1583 sententiam
685 1518 894 1584 refutante
918 1520 961 1584 26
994 1519 1122 1604 Hygini

101 1608 236 1676 verbu
225 1607 372 1673 mrenies
395 1606 441 1672 et
462 1606 592 1691 pedem,
622 1605 710 1691 quod
732 1606 851 1690 accipit
873 1607 981 1690 miles,
1007 1606 1120 1692 redigo

102 1698 145 1763 ad
174 1696 237 1761 duo
266 1695 380 1779 semis,
416 1695 502 1780 quod
530 1695 648 1847 acciptit
678 1694 797 1778 eques'‚
829 1695 953 1760 omittit
980 1696 1120 1779 scriptor

101 1785 253 1871 quintam
275 1788 308 1849 et
333 1745 451 1868 peditis
479 1787 513 1848 et
539 1786 672 1867 equi1s,
630 1787 739 1848 rset
764 1781 877 1867 Lange
904 1787 993 1849 recte
1021 1785 1121 1851 adicit

105 1872 206 1959 quod
229 1873 323 1937 salva
339 1873 551 1957 proportione
567 1871 673 1937 facere
692 1893 759 1938 non
777 1872 898 1956 potuit,
919 1873 985 1939 nisi
1007 1874 1122 1958 quinta

103 1961 224 2048 pedum
242 1960 379 2027 ducrum
393 1961 491 2027 semis
505 1960 724 2045 intellegenda
738 1961 845 2028 esset'
809 1959 937 2027 tScd
952 1984 993 2029 ne
1002 1961 1121 2047 Langii

101 2050 233 2137 quidem
252 2050 455 2135 interpretat
446 2072 477 2115 ιο
493 2050 643 2116 omnibus
660 2051 805 2115 numeris
820 2051 971 2116 absoluta
984 2051 1072 2115 videt
1058 2055 1120 2116 t.ur

99 2139 249 2205 Primum
272 2138 403 2222 quidem
425 2138 594 2220 concedes,
621 2138 786 2203 nominem
813 2159 872 2221 pro
900 2138 1007 2203 tribus
1031 2139 1120 2221 pedi·

103 2229 166 2293 bus
190 2227 295 2293 dicere
319 2227 384 2293 duo
407 2227 505 2293 semis
529 2226 656 2292 adiecta
678 2226 805 2329 quinta,
829 2226 978 2292 deindet
963 2227 1120 2294 terminus

101 2315 241 2381 adiecta
264 2314 400 2400 quinta',
427 2316 556 2400 saepius
579 2314 747 2399 quidem
737 2338 772 2381 ιιι
799 2319 913 2382 nostro
943 2320 1119 2400 usurpatus

102 2403 1121 2579 tilltlttltffilltltfilmt,lintellis

102 2604 190 2664 mus,
213 2582 354 2665 equitem
373 2587 433 2647 tres
444 2583 537 2664 perles
557 2581 732 2667 accepisse;
756 2582 885 2666 omitto,
908 2581 994 2666 quod
1007 2587 1120 2648 nostro

102 2671 175 2736 loco
209 2670 264 2735 ille
295 2670 455 2737 terminus
486 2692 553 2734 ιιοιι
585 2671 731 2754 quintam
761 2669 854 2754 pedis
886 2675 1028 2755 partem,
1065 2670 1120 2735 sed

102 2758 272 2825 dimidiam
294 2759 501 2844 signiticaret.
548 2756 671 2825 Contra
698 2760 789 2824 salvo
818 2781 914 2825 sensu
940 2760 999 2825 illa
1020 2759 1121 2823 verba

101 2847 264 2913 removeri
285 2850 432 2931 possunt.
468 2847 516 2913 Rc
539 2869 616 2912 vera
634 2848 754 2931 accipit
772 2869 870 2931 eques
892 2850 1022 2913 tantum
1040 2847 1120 2912 duos

102 2934 202 3020 pedes
225 2939 259 3000 et
281 2936 452 3001 semissem
475 2935 515 2999 cf.
534 2937 680 3001 elder.
704 2934 750 2999 ‘in
772 2957 810 2999 eo
833 2934 914 3019 pede
937 2936 1119 3020 praefectus

102 3024 174 3091 alae
196 3024 388 3109 pedaturam
410 3024 562 3109 accipiet,
594 3029 628 3089 et
654 3023 848 3109 principales
876 3045 988 3090 eorum
1012 3024 1119 3107 aliquo

103 3113 209 3179 larius
234 3112 383 3196 tendant3
406 3113 551 3197 alioquin
574 3112 695 3198 singuli
719 3113 814 3178 binos
836 3114 934 3197 pedes
957 3117 991 3178 et
1009 3113 1119 3179 semis·

104 3223 156 3267 ses
176 3200 381 3285 acciperent',
398 3202 495 3286 pedes
510 3205 618 3267 autern
632 3202 748 3286 pedem
761 3201 888 3267 adiecta
902 3201 1025 3286 quinta,
1043 3223 1120 3265 nam

103 3290 347 3356 centurionibus
371 3290 471 3356 ‘locus
495 3290 604 3374 datur,
634 3290 691 3375 qni
717 3294 890 3373 propterca
917 3311 1037 3354 vacuus
1061 3293 1121 3374 est,

104 3377 191 3462 quod
208 3399 274 3444 non
291 3379 364 3462 100,
386 3379 443 3444 sed
457 3381 501 3445 80
518 3379 639 3444 milites
657 3379 693 3442 in
711 3378 856 3443 centuria
871 3377 959 3443 sunt’
969 3375 1120 3464 (Lange).

102 3465 192 3552 Ergo
216 3472 276 3553 eet,
299 3467 385 3552 quod
408 3467 495 3533 inter
517 3490 552 3535 se
570 3467 753 3550 comparari
771 3467 899 3551 possint
916 3488 973 3553 pes
993 3469 1120 3533 adiecta
