2454 3976
101 211 121 277 6
498 209 715 287 emmane.

101 397 199 459 quam
230 373 279 440 ita
305 376 456 457 pergeret
483 370 578 438 ‘haec
604 373 762 457 pedatura
787 372 830 437 ad
857 373 988 455 plenam
1016 374 1116 458 legio-

100 461 196 540 nem',
220 463 325 547 striga
346 465 455 527 autem
478 462 621 544 pertinet
644 460 685 526 ad
707 462 787 526 duas
811 463 981 527 centurias.
1023 461 1117 538 Quod

100 550 212 636 Lange
234 571 331 634 porro
354 549 504 634 credidit,
532 550 664 634 plenam
686 550 850 634 legionem
874 551 1028 634 explicari
1050 573 1118 617 non

100 661 206 725 posse,
229 640 364 705 erravit:
387 639 473 724 legio
493 638 611 704 dicitnr
633 640 740 722 plena,
763 640 854 704 cuius
872 643 982 723 partes
1001 640 1117 723 plenae

102 731 187 810 sunt,
209 727 243 792 id
267 727 461 793 astinetum
482 748 654 792 numerum
676 726 806 792 habent.
848 727 1017 793 Sententia
1040 730 1118 793 scri·

100 817 203 900 ptoris
226 816 401 900 perspicua
420 819 483 881 est:
511 814 669 900 pedatura
691 815 793 881 totius
822 816 962 901 legionis
986 816 1026 881 ad
1049 817 1118 900 ple-

100 928 179 971 num
206 905 349 971 militum
374 926 543 969 nnmerum
574 908 794 989 computatur,
826 905 881 970 sed
909 927 975 970 non
1001 905 1119 989 plenus

103 997 167 1072 est,
196 1016 273 1060 nam
296 1015 355 1078 pro
378 992 409 1059 X
431 992 581 1058 tentoriis
609 992 773 1059 centuriae
800 998 874 1059 octo
898 998 1027 1059 tantum
1050 998 1119 1059 ten-

102 1083 190 1148 dunt.
234 1079 383 1166 Apparet
414 1086 491 1166 post
522 1087 696 1165 computata
724 1082 875 1147 lacunam
908 1104 993 1167 esse,
1026 1083 1118 1148 cuius

102 1172 233 1257 signum
260 1170 295 1236 in
317 1173 410 1236 textu
437 1171 540 1255 posui.
585 1169 732 1256 Denique
760 1171 840 1236 illud
868 1192 998 1254 moneo,
1028 1177 1058 1237 et
1083 1173 1119 1236 in

101 1259 210 1325 verbis
231 1265 263 1324 et
282 1280 346 1325 eoo
361 1260 437 1341 plus
461 1259 644 1344 significare
665 1265 695 1324 et
715 1281 749 1324 re
770 1280 852 1325 aaa.

192 1367 218 1412 c.
238 1347 267 1412 2.
297 1349 451 1430 corporati
472 1352 509 1412 ct
528 1368 619 1413 muro
638 1350 775 1428 emeat]
799 1348 837 1412 In
857 1349 925 1414 cod.
939 1348 1119 1414 Arceriano

103 1439 153 1502 est
184 1437 220 1500 ia
246 1456 348 1514 muro,
381 1434 467 1520 quod
497 1435 576 1500 ferri
607 1458 674 1502 non
704 1458 802 1520 posse
833 1435 994 1520 Langium
1023 1437 1119 1521 fugit.

101 1525 224 1589 Tamen
255 1524 322 1589 iam
354 1522 532 1590 Salmasius
566 1522 620 1608 (ad
648 1524 779 1608 Vopisc.
805 1523 861 1609 14)
894 1526 1035 1590 correxit
1066 1547 1120 1591 cea

101 1634 200 1679 muro.
236 1611 309 1699 Ego
326 1617 364 1678 ut
379 1612 533 1697 praetuli,
557 1613 709 1696 quoniam
732 1613 866 1697 propius
890 1613 930 1677 ad
951 1614 1120 1679 Arceriani

101 1702 228 1767 litteras
252 1702 385 1768 accedit

191 1791 285 1855 ctiam
297 1792 375 1873 pede
391 1795 534 1856 mouente
550 1792 598 1856 aa
614 1791 815 1871 mamaccas]
840 1790 870 1854 A
890 1790 1023 1856 exhibet
1040 1797 1070 1856 et
1086 1793 1122 1858 id

97 1879 174 1959 pede
191 1881 331 1943 macenti
348 1881 415 1943 iam
427 1881 624 1958 memoriane,
643 1880 744 1944 malui
762 1881 856 1943 aiom
874 1882 907 1944 et
924 1881 979 1944 ito.
1007 1879 1121 1965 Lange

103 1966 247 2031 defendit
270 1964 390 2031 Schelii
412 1987 490 2052 eam,
513 1966 571 2031 sed
594 1989 667 2032 cum
686 1967 727 2032 ad
739 1968 926 2049 palatarum
948 1973 1120 2052 protaseos

104 2053 224 2120 referat
248 2058 280 2120 et
297 2056 375 2138 pede
396 2077 456 2139 pro
479 2055 638 2140 pedatura
663 2056 787 2121 dictum
814 2077 885 2121 esse
907 2061 994 2121 recte
1016 2061 1120 2142 putet,

105 2143 264 2210 eiusmodi
288 2145 485 2210 sententiam
513 2145 632 2211 effecit:
659 2145 817 2228 pedatura
844 2149 995 2209 manente
1022 2147 1121 2228 peda-

103 2235 211 2296 turam
234 2233 443 2298 mutabimus.

192 2321 318 2402 quoda]
343 2319 454 2405 Lange
472 2344 504 2406 p.
525 2319 589 2386 115
617 2343 652 2386 se
675 2320 902 2387 concinnitatis
930 2342 1003 2386 cum
1027 2345 1120 2407 supe-

103 2408 188 2473 riore
212 2409 434 2474 enuntiatione
458 2408 635 2474 servandae
662 2431 762 2475 causa
788 2410 911 2491 quando
938 2411 1121 2476 restituisse

104 2496 195 2562 dixit.
241 2494 304 2563 Sed
327 2519 447 2580 quaeso
469 2498 652 2581 proximum
679 2498 834 2582 inspicias
863 2502 972 2580 caput,
1002 2499 1049 2563 ibi
1072 2499 1119 2564 in·

103 2586 213 2650 venies
246 2584 358 2670 ‘igitur
384 2587 414 2652 si
440 2586 587 2672 legiones
616 2585 693 2671 ...',
724 2589 794 2651 tum
828 2584 977 2668 ‘quotiens
1008 2592 1118 2653 autem

104 2674 245 2757 quinque
264 2673 410 2757 legiones
434 2674 515 2741 ...':
538 2676 605 2740 iam
624 2696 816 2759 cognosces,
836 2679 994 2759 quantum
1011 2674 1122 2740 vale'at

103 2763 137 2826 in
160 2765 272 2828 nostro
295 2763 453 2847 scriptore
476 2764 535 2829 illa
557 2765 768 2829 concinnitas.

191 2853 274 2934 qaod
296 2851 395 2932 faerit
418 2853 530 2936 apsa,
560 2852 697 2918 tobalias
724 2854 796 2936 crit,
823 2873 908 2918 auae
933 2853 1122 2935 semistrrpio

103 2939 305 3021 mammenus]
336 2940 389 3005 Ab
412 2939 584 3006 Areeriani
611 2942 773 3025 scriptura
795 2944 904 3007 textus
932 2942 980 3006 ita
1002 2942 1122 3005 consti-

103 3028 196 3092 tutus
219 3049 317 3112 quam
335 3029 468 3095 minime
486 3029 616 3095 recedit.
647 3030 773 3114 Restat,
792 3034 830 3096 ut
847 3051 978 3095 sensum
996 3034 1121 3094 rectum

104 3117 211 3183 inesse
241 3116 461 3183 emendationi
487 3141 579 3184 meac
607 3141 776 3203 exponam.
820 3117 975 3202 Hyginus
1007 3122 1121 3184 nostro

103 3205 176 3271 loco
205 3206 253 3272 ita
281 3205 403 3273 docet:'
420 3205 454 3271 Si
481 3207 628 3292 legiones
660 3208 784 3292 plures,
817 3207 936 3272 auxilia
968 3208 1122 3290 pauciora

105 3297 194 3374 sunt,
226 3294 376 3361 cohortes
405 3294 606 3382 legionariae
634 3296 776 3361 crebrius
806 3295 892 3360 circa
913 3295 1036 3361 vallum
1064 3317 1120 3379 po-

103 3382 229 3448 nendae
252 3386 338 3450 sunt.
375 3382 447 3450 Hoc
469 3385 518 3450 ita
540 3385 590 3470 fit,
612 3389 650 3450 ut
671 3383 830 3469 pedatura
848 3388 1065 3466 convertatur,
1088 3383 1122 3447 id

105 3473 215 3536 estut
237 3472 367 3558 longius
390 3474 662 3560 semistrigiorum
684 3475 771 3540 latus
793 3473 865 3539 loco
884 3472 1041 3539 brevioris
1065 3493 1121 3556 po·
