2454 3976
253 195 364 250 LIBlllt
381 195 433 253 DE,
448 192 716 250 MUNITIONIBUS
735 193 964 252 cassabatur.
1073 196 1117 261 37

100 381 162 446 per
185 358 306 425 detecti
328 359 395 423 sint
416 361 451 423 et
472 357 696 423 advenientem
724 357 760 422 in
782 361 869 425 recto
893 381 989 425 cursu
1011 360 1118 425 exclu-

101 448 196 535 dant3
218 467 400 530 nomenque
420 444 425 531 Ι
446 447 486 511 ab
510 446 623 511 effectu
647 445 803 511 clavicula
824 446 942 514 trahet.
1128 468 1216 534 rosa

191 571 243 636 56.
270 569 358 636 Nam
381 569 467 654 quod
490 569 610 635 attinet
637 569 679 635 ad
701 570 762 635 soli
786 570 974 637 electionem
997 571 1032 636 in
1054 575 1120 637 sta·

99 659 224 725 tuenda
258 659 451 742 metatione,
482 659 622 742 primum
653 659 760 724 locum
790 659 927 744 habent,
964 681 1047 743 quae
1079 683 1120 725 ex

100 769 216 832 campo
239 747 274 811 in
297 747 506 813 eminentiam
532 746 650 811 leniter
671 747 883 832 attolluntur,
909 748 943 812 in
971 770 1035 832 qua
1061 765 1147 832 pos

100 837 220 902 sitione
237 839 333 920 porta
351 835 518 901 decimans
536 834 789 900 eminentissimo
808 836 881 901 loco
900 836 1121 921 constituitur,

101 928 141 990 ut
162 925 312 1010 regiones
337 924 452 989 castris
476 924 676 989 subiaceant.
724 923 825 990 Porta
851 925 1016 1008 praetoria
1039 946 1121 990 sem-

99 1035 162 1098 per
184 1012 314 1079 hostem
337 1015 483 1097 spectare
507 1012 612 1077 debet.
651 1010 834 1078 Secundum
857 1013 966 1078 locum
986 1013 1122 1097 habent,

101 1122 186 1185 quse
213 1101 248 1165 in
275 1101 373 1184 plano
401 1100 655 1185 constituuntur,
683 1101 832 1185 tertium,
864 1122 945 1184 quae
968 1102 1004 1166 in
1026 1102 1121 1180 colle,

102 1192 265 1274 quartum,
285 1210 367 1274 quae
386 1189 420 1252 in
439 1192 558 1272 monte,
582 1188 741 1272 quintum,
764 1210 846 1273 quae
864 1190 900 1253 in
917 1190 990 1254 loco
1008 1207 1162 1255 noces-1⁰

102 1278 200 1361 sario,
222 1277 306 1341 unde
329 1280 362 1342 et
384 1277 567 1342 necessaria
589 1280 696 1342 castra
716 1276 721 1360 Ι
742 1277 899 1342 dicuntur.
947 1278 999 1343 57.
1022 1278 1118 1343 Prae·
1129 1297 1219 1364 137⁸,

101 1366 196 1451 cipue
221 1365 388 1431 observari
411 1364 543 1430 debebit
570 1365 624 1430 via
646 1386 728 1450 quac
756 1365 913 1430 lateribus
938 1370 1120 1433 castrorum

103 1453 253 1539 supersit
293 1451 444 1518 (laterum
467 1474 668 1538 quocumque
691 1453 794 1518 latere
817 1453 937 1520 flumen
960 1456 1026 1520 sive
1049 1455 1121 1520 fon·

70 1539 74 1547 ’
101 1545 172 1608 tom
193 1542 313 1607 habere
335 1541 468 1607 debebis
495 1542 530 1606 in
558 1541 783 1629 qualicumque
810 1542 972 1625 positione
1001 1547 1122 1609 castro-

101 1652 187 1695 rum.
231 1629 348 1713 Iniqua
374 1631 460 1713 loca,
487 1651 569 1715 quae
597 1629 802 1714 aptioribus
830 1651 988 1696 novercas
1012 1631 1163 1714 appel-1⁵

103 1719 224 1804 lantur,
260 1719 349 1783 omni
377 1717 471 1783 modo
504 1718 602 1784 vitari
630 1717 756 1783 debent.
805 1717 856 1784 Ne
883 1740 977 1783 mons
1005 1719 1122 1784 castris

101 1806 282 1891 immineat,
304 1827 362 1890 per
384 1827 479 1890 quem
503 1807 709 1890 supervenire
729 1807 841 1871 hostes
860 1810 917 1871 aut
935 1807 1123 1890 prospicere

102 1895 245 1980 possint,
268 1894 345 1979 quid
368 1895 403 1959 in
426 1895 540 1960 castris
564 1897 694 1980 agotum
726 1916 767 1959 ne
791 1894 875 1959 silva
896 1895 1042 1960 celatura
1064 1894 1123 1961 ho·

104 1988 171 2048 stes
195 1983 342 2049 adiacent
358 2004 440 2048 nova
457 1983 543 2049 forte
561 1983 673 2061 valles,
696 2004 754 2067 per
773 2004 853 2066 quas
873 1983 986 2068 obrepi
1005 1983 1124 2049 castris

104 2071 229 2137 occulta
251 2071 370 2155 possit3
393 2093 434 2136 ne
456 2071 555 2136 vicini
576 2071 719 2136 fluminis
740 2071 896 2136 torrentis
915 2072 1024 2137 subita
1041 2074 1123 2136 tem·
1136 2087 1166 2127 2⁰

103 2163 231 2245 pestate
251 2164 257 2241 1
277 2163 385 2225 castra
407 2158 564 2225 inundata
586 2160 760 2225 intereant.
1131 2172 1220 2244 raab,

74 2303 80 2316 ’
194 2283 247 2349 58.
278 2281 467 2349 Meminisse
494 2285 624 2367 oportet
651 2283 685 2348 in
711 2283 840 2349 hostico
870 2304 1022 2349 ascensus
1045 2283 1124 2348 valli

104 2371 249 2455 duplices
282 2375 315 2436 et
341 2371 526 2456 frequentes
554 2371 662 2436 facere
695 2375 728 2436 et
749 2372 921 2437 tormentis
944 2371 1125 2437 tribunalia

105 2465 253 2525 extruere
285 2460 405 2525 circum
437 2462 564 2544 portas,
600 2460 636 2524 in
668 2460 771 2545 coxis,
801 2461 837 2524 in
868 2461 939 2525 loco
972 2461 1126 2525 tironum.

107 2685 310 2742 rodbenicncc
382 2684 554 2740 aclabicula
570 2685 666 2740 trahet
738 2685 884 2740 3adtinet
956 2684 1125 2742 sollicitudi-

104 2774 170 2812 nem
188 2757 219 2811 in
237 2754 385 2811 statuendo
403 2755 586 2811 moetationis
605 2773 672 2813 corr.
684 2756 738 2813 scs
811 2762 972 2827 ocampum
989 2772 1058 2813 corr.
1069 2756 1124 2812 Sco

161 2897 364 2952 aeminentiam
382 2895 505 2966 lentiper
523 2912 590 2952 corr.
611 2896 665 2952 Scis
769 2903 784 2951 6
802 2897 885 2965 porte
910 2855 1128 2950 decimanibmi·

106 2967 274 3024 nentimimo
348 2969 492 3022 8scctorc
564 2965 802 3022 aconstituentur
875 2972 909 3022 10
922 2966 1017 3023 locum
1030 2984 1128 3023 neces·

108 3110 214 3165 sarium
288 3116 319 3165 11
341 3067 493 3164 etbbssaria
564 3108 731 3178 praecipuae
807 3114 839 3163 1s
862 3111 956 3164 cetera
1029 3114 1062 3162 14
1081 3107 1130 3160 de-

105 3181 194 3238 bebit.
274 3186 307 3234 15
326 3177 454 3234 nobiciae
474 3195 542 3236 corr.
563 3180 617 3234 Soli
690 3185 722 3234 1⁷
741 3178 878 3234 inmineat
951 3185 983 3233 1s
1001 3176 1092 3247 possit

108 3259 142 3308 19
160 3267 232 3306 neve
251 3249 328 3327 fossa
346 3249 434 3304 valles
507 3266 558 3321 per
576 3267 646 3318 quos
665 3249 760 3304 obruti
832 3255 866 3304 20
886 3248 998 3304 obculte
1016 3246 1129 3316 possint

143 3398 176 3447 21
195 3390 364 3446 minundant
381 3344 577 3450 intereanbora
598 3389 653 3447 Scis
724 3395 758 3445 22
777 3388 848 3442 balli
920 3395 954 3443 23
973 3386 1130 3457 frequentis

144 3468 178 3518 24
195 3462 301 3531 tyrium
